<?xml version="1.0" encoding="UTF-8"?>
<!DOCTYPE html PUBLIC "-//W3C//DTD XHTML 1.0 Transitional//EN"
    "http://www.w3.org/TR/xhtml1/DTD/xhtml1-transitional.dtd">
<html xmlns="http://www.w3.org/1999/xhtml" xml:lang="en" lang="en">
 <head>
  <title>
</title>
<meta http-equiv="Content-Type" content="text/html;charset=utf-8" />
  <meta name='ocr-system' content='tesseract 3.04.00' />
  <meta name='ocr-capabilities' content='ocr_page ocr_carea ocr_par ocr_line ocrx_word'/>
</head>
<body>
  <div class='ocr_page' id='page_1' title='image "./egidiicorbolien02rosegoog_0110.png"; bbox 0 0 2604 3900; ppageno 0'>
   <div class='ocr_carea' id='block_1_1' title="bbox 547 161 713 216">
    <p class='ocr_par' dir='ltr' id='par_1_1' title="bbox 547 161 713 216">
     <span class='ocr_line' id='line_1_1' title="bbox 547 161 713 216; baseline 0.012 -2"><span class='ocrx_word' id='word_1_1' title='bbox 547 161 713 216; x_wconf 82' lang='lat' dir='ltr'>VIA&#39;PIOUS</span> 
     </span>
    </p>
   </div>
   <div class='ocr_carea' id='block_1_2' title="bbox 22 310 1005 2353">
    <p class='ocr_par' dir='ltr' id='par_1_2' title="bbox 22 310 1005 2353">
     <span class='ocr_line' id='line_1_2' title="bbox 108 310 911 391; baseline 0.005 -21"><span class='ocrx_word' id='word_1_2' title='bbox 108 310 239 388; x_wconf 86' lang='lat' dir='ltr'><strong>pabule</strong></span> <span class='ocrx_word' id='word_1_3' title='bbox 261 311 460 370; x_wconf 89' lang='lat' dir='ltr'><strong>membrorum</strong></span> <span class='ocrx_word' id='word_1_4' title='bbox 483 314 660 388; x_wconf 77' lang='lat' dir='ltr'>corrumpit,</span> <span class='ocrx_word' id='word_1_5' title='bbox 684 331 788 391; x_wconf 87' lang='lat' dir='ltr'><strong>grossa</strong></span> <span class='ocrx_word' id='word_1_6' title='bbox 811 313 911 374; x_wconf 88' lang='lat' dir='ltr'><strong>diaeta</strong></span> 
     </span>
     <span class='ocr_line' id='line_1_3' title="bbox 111 401 962 478; baseline 0.007 -20"><span class='ocrx_word' id='word_1_7' title='bbox 111 420 217 476; x_wconf 88' lang='lat' dir='ltr'><strong>quem</strong></span> <span class='ocrx_word' id='word_1_8' title='bbox 239 404 369 478; x_wconf 84' lang='lat' dir='ltr'><strong>generat.</strong></span> <span class='ocrx_word' id='word_1_9' title='bbox 416 420 505 477; x_wconf 86' lang='lat' dir='ltr'><strong>super</strong></span> <span class='ocrx_word' id='word_1_10' title='bbox 526 401 582 461; x_wconf 91' lang='lat' dir='ltr'><strong>hoc</strong></span> <span class='ocrx_word' id='word_1_11' title='bbox 605 404 739 478; x_wconf 87' lang='lat' dir='ltr'><strong>exemplo</strong></span> <span class='ocrx_word' id='word_1_12' title='bbox 763 403 823 462; x_wconf 89' lang='lat' dir='ltr'><strong>sint</strong></span> <span class='ocrx_word' id='word_1_13' title='bbox 846 403 962 464; x_wconf 86' lang='lat' dir='ltr'><strong>asinina</strong></span> 
     </span>
     <span class='ocr_line' id='line_1_4' title="bbox 22 490 932 566; baseline 0 -15"><span class='ocrx_word' id='word_1_14' title='bbox 22 510 85 551; x_wconf 81' lang='grc'><strong>1555</strong></span> <span class='ocrx_word' id='word_1_15' title='bbox 111 493 154 549; x_wconf 83' lang='lat' dir='ltr'><strong>et</strong></span> <span class='ocrx_word' id='word_1_16' title='bbox 178 490 409 565; x_wconf 70' lang='lat' dir='ltr'><strong>cuprionem,</strong></span> <span class='ocrx_word' id='word_1_17' title='bbox 432 491 544 564; x_wconf 86' lang='lat' dir='ltr'><strong>caules,</strong></span> <span class='ocrx_word' id='word_1_18' title='bbox 567 490 700 566; x_wconf 85' lang='lat' dir='ltr'><strong>milium,</strong></span> <span class='ocrx_word' id='word_1_19' title='bbox 722 491 806 566; x_wconf 77' lang='lat' dir='ltr'><strong>faba,</strong></span> <span class='ocrx_word' id='word_1_20' title='bbox 829 492 932 554; x_wconf 88' lang='lat' dir='ltr'><strong>lentes.</strong></span> 
     </span>
     <span class='ocr_line' id='line_1_5' title="bbox 112 577 860 658; baseline 0.005 -20"><span class='ocrx_word' id='word_1_21' title='bbox 112 577 258 638; x_wconf 87' lang='lat' dir='ltr'><strong>exoritur</strong></span> <span class='ocrx_word' id='word_1_22' title='bbox 280 578 360 653; x_wconf 85' lang='lat' dir='ltr'><strong>cibo,</strong></span> <span class='ocrx_word' id='word_1_23' title='bbox 382 599 436 655; x_wconf 91' lang='lat' dir='ltr'><strong>per</strong></span> <span class='ocrx_word' id='word_1_24' title='bbox 458 598 546 655; x_wconf 87' lang='lat' dir='ltr'><strong>quem</strong></span> <span class='ocrx_word' id='word_1_25' title='bbox 570 579 713 658; x_wconf 78' lang='lat' dir='ltr'><strong>nigrescit</strong></span> <span class='ocrx_word' id='word_1_26' title='bbox 736 580 860 642; x_wconf 75' lang='lat' dir='ltr'><strong>adustus</strong></span> 
     </span>
     <span class='ocr_line' id='line_1_6' title="bbox 114 666 947 748; baseline 0.004 -20"><span class='ocrx_word' id='word_1_27' title='bbox 114 666 256 745; x_wconf 84' lang='lat' dir='ltr'><strong>sanguis.</strong></span> <span class='ocrx_word' id='word_1_28' title='bbox 302 669 335 726; x_wconf 93' lang='lat' dir='ltr'><strong>in</strong></span> <span class='ocrx_word' id='word_1_29' title='bbox 358 669 491 744; x_wconf 87' lang='lat' dir='ltr'><strong>exemplo</strong></span> <span class='ocrx_word' id='word_1_30' title='bbox 515 671 577 729; x_wconf 89' lang='lat' dir='ltr'><strong>sint</strong></span> <span class='ocrx_word' id='word_1_31' title='bbox 600 669 786 748; x_wconf 81' lang='lat' dir='ltr'><strong>drimifagia‚</strong></span> <span class='ocrx_word' id='word_1_32' title='bbox 809 688 947 746; x_wconf 85' lang='lat' dir='ltr'>porrum,</span> 
     </span>
     <span class='ocr_line' id='line_1_7' title="bbox 116 756 827 833; baseline 0.003 -17"><span class='ocrx_word' id='word_1_33' title='bbox 116 756 213 831; x_wconf 85' lang='lat' dir='ltr'><strong>allia,</strong></span> <span class='ocrx_word' id='word_1_34' title='bbox 236 775 321 833; x_wconf 82' lang='lat' dir='ltr'><strong>cepa,</strong></span> <span class='ocrx_word' id='word_1_35' title='bbox 345 758 444 833; x_wconf 85' lang='lat' dir='ltr'><strong>piper,</strong></span> <span class='ocrx_word' id='word_1_36' title='bbox 466 758 599 833; x_wconf 79' lang='lat' dir='ltr'><strong>senecio,</strong></span> <span class='ocrx_word' id='word_1_37' title='bbox 622 760 703 819; x_wconf 90' lang='lat' dir='ltr'><strong>salsa</strong></span> <span class='ocrx_word' id='word_1_38' title='bbox 725 760 827 818; x_wconf 85' lang='lat' dir='ltr'><strong>diaeta</strong></span> 
     </span>
     <span class='ocr_line' id='line_1_8' title="bbox 116 845 843 924; baseline 0.003 -19"><span class='ocrx_word' id='word_1_39' title='bbox 116 848 275 905; x_wconf 82' lang='lat' dir='ltr'><strong>extremae</strong></span> <span class='ocrx_word' id='word_1_40' title='bbox 298 845 419 906; x_wconf 88' lang='lat' dir='ltr'><strong>subiens</strong></span> <span class='ocrx_word' id='word_1_41' title='bbox 443 849 551 908; x_wconf 88' lang='lat' dir='ltr'><strong>aetatis</strong></span> <span class='ocrx_word' id='word_1_42' title='bbox 574 850 718 924; x_wconf 85' lang='lat' dir='ltr'><strong>tempora.</strong></span> <span class='ocrx_word' id='word_1_43' title='bbox 763 867 843 908; x_wconf 86' lang='lat' dir='ltr'><strong>noxa</strong></span> 
     </span>
     <span class='ocr_line' id='line_1_9' title="bbox 23 937 811 1012; baseline -0.001 -14"><span class='ocrx_word' id='word_1_44' title='bbox 23 958 90 998; x_wconf 75' lang='grc'><strong>1545</strong></span> <span class='ocrx_word' id='word_1_45' title='bbox 117 954 195 995; x_wconf 83' lang='lat' dir='ltr'><strong>aare</strong></span> <span class='ocrx_word' id='word_1_46' title='bbox 218 939 356 1012; x_wconf 87' lang='lat' dir='ltr'><strong>corrupto</strong></span> <span class='ocrx_word' id='word_1_47' title='bbox 379 937 492 1012; x_wconf 83' lang='lat' dir='ltr'><strong>prodit,</strong></span> <span class='ocrx_word' id='word_1_48' title='bbox 516 955 585 996; x_wconf 89' lang='lat' dir='ltr'><strong>oum</strong></span> <span class='ocrx_word' id='word_1_49' title='bbox 607 937 723 997; x_wconf 89' lang='lat' dir='ltr'><strong>mansio</strong></span> <span class='ocrx_word' id='word_1_50' title='bbox 747 937 811 997; x_wconf 86' lang='lat' dir='ltr'><strong>vita</strong></span> 
     </span>
     <span class='ocr_line' id='line_1_10' title="bbox 117 1024 830 1104; baseline 0.006 -20"><span class='ocrx_word' id='word_1_51' title='bbox 117 1025 293 1102; x_wconf 81' lang='lat' dir='ltr'><strong>alloquium</strong></span> <span class='ocrx_word' id='word_1_52' title='bbox 315 1043 370 1084; x_wconf 88' lang='lat' dir='ltr'><strong>nos</strong></span> <span class='ocrx_word' id='word_1_53' title='bbox 392 1025 511 1086; x_wconf 86' lang='lat' dir='ltr'><strong>infectis</strong></span> <span class='ocrx_word' id='word_1_54' title='bbox 534 1024 691 1104; x_wconf 86' lang='lat' dir='ltr'><strong>coniungit</strong></span> <span class='ocrx_word' id='word_1_55' title='bbox 714 1026 830 1102; x_wconf 83' lang='lat' dir='ltr'><strong>amicis,</strong></span> 
     </span>
     <span class='ocr_line' id='line_1_11' title="bbox 117 1113 869 1190; baseline 0.004 -17"><span class='ocrx_word' id='word_1_56' title='bbox 117 1133 196 1173; x_wconf 89' lang='lat' dir='ltr'><strong>cum</strong></span> <span class='ocrx_word' id='word_1_57' title='bbox 217 1113 299 1173; x_wconf 89' lang='lat' dir='ltr'><strong>subit</strong></span> <span class='ocrx_word' id='word_1_58' title='bbox 321 1115 476 1190; x_wconf 86' lang='lat' dir='ltr'><strong>amplexus</strong></span> <span class='ocrx_word' id='word_1_59' title='bbox 499 1116 598 1174; x_wconf 89' lang='lat' dir='ltr'><strong>coiens</strong></span> <span class='ocrx_word' id='word_1_60' title='bbox 621 1119 652 1175; x_wconf 88' lang='lat' dir='ltr'><strong>ot</strong></span> <span class='ocrx_word' id='word_1_61' title='bbox 675 1116 776 1175; x_wconf 85' lang='lat' dir='ltr'><strong>dulcia</strong></span> <span class='ocrx_word' id='word_1_62' title='bbox 798 1118 869 1176; x_wconf 85' lang='lat' dir='ltr'><strong>vota</strong></span> 
     </span>
     <span class='ocr_line' id='line_1_12' title="bbox 119 1204 860 1283; baseline 0.003 -22"><span class='ocrx_word' id='word_1_63' title='bbox 119 1205 315 1262; x_wconf 84' lang='lat' dir='ltr'><strong>consummat</strong></span> <span class='ocrx_word' id='word_1_64' title='bbox 336 1222 404 1263; x_wconf 90' lang='lat' dir='ltr'><strong>oum</strong></span> <span class='ocrx_word' id='word_1_65' title='bbox 428 1224 487 1281; x_wconf 86' lang='lat' dir='ltr'><strong>qua</strong></span> <span class='ocrx_word' id='word_1_66' title='bbox 510 1204 624 1263; x_wconf 85' lang='lat' dir='ltr'><strong>carnali</strong></span> <span class='ocrx_word' id='word_1_67' title='bbox 646 1205 759 1283; x_wconf 88' lang='lat' dir='ltr'><strong>gaudia</strong></span> <span class='ocrx_word' id='word_1_68' title='bbox 781 1225 860 1264; x_wconf 86' lang='lat' dir='ltr'><strong>nexu</strong></span> 
     </span>
     <span class='ocr_line' id='line_1_13' title="bbox 119 1292 891 1370; baseline 0.001 -18"><span class='ocrx_word' id='word_1_69' title='bbox 119 1293 261 1370; x_wconf 86' lang='lat' dir='ltr'><strong>leprosus</strong></span> <span class='ocrx_word' id='word_1_70' title='bbox 285 1293 431 1369; x_wconf 88' lang='lat' dir='ltr'><strong>complere</strong></span> <span class='ocrx_word' id='word_1_71' title='bbox 455 1292 543 1368; x_wconf 90' lang='lat' dir='ltr'><strong>solet,</strong></span> <span class='ocrx_word' id='word_1_72' title='bbox 566 1294 615 1353; x_wconf 86' lang='lat' dir='ltr'><strong>vel</strong></span> <span class='ocrx_word' id='word_1_73' title='bbox 638 1295 772 1370; x_wconf 86' lang='lat' dir='ltr'><strong>tempore</strong></span> <span class='ocrx_word' id='word_1_74' title='bbox 794 1294 891 1370; x_wconf 91' lang='lat' dir='ltr'><strong>primo</strong></span> 
     </span>
     <span class='ocr_line' id='line_1_14' title="bbox 24 1382 837 1457; baseline 0 -13"><span class='ocrx_word' id='word_1_75' title='bbox 24 1403 94 1444; x_wconf 78' lang='lat'>1845</span> <span class='ocrx_word' id='word_1_76' title='bbox 121 1383 286 1457; x_wconf 85' lang='lat' dir='ltr'><strong>conceptus</strong></span> <span class='ocrx_word' id='word_1_77' title='bbox 310 1383 335 1441; x_wconf 92' lang='lat' dir='ltr'><strong>si</strong></span> <span class='ocrx_word' id='word_1_78' title='bbox 358 1400 419 1441; x_wconf 92' lang='lat' dir='ltr'><strong>non</strong></span> <span class='ocrx_word' id='word_1_79' title='bbox 441 1382 533 1442; x_wconf 90' lang='lat' dir='ltr'><strong>licitis</strong></span> <span class='ocrx_word' id='word_1_80' title='bbox 557 1384 679 1442; x_wconf 76' lang='lat' dir='ltr'><strong>coeatur</strong></span> <span class='ocrx_word' id='word_1_81' title='bbox 700 1385 733 1441; x_wconf 92' lang='lat' dir='ltr'><strong>in</strong></span> <span class='ocrx_word' id='word_1_82' title='bbox 756 1383 837 1444; x_wconf 86' lang='lat' dir='ltr'><strong>horis</strong></span> 
     </span>
     <span class='ocr_line' id='line_1_15' title="bbox 122 1470 821 1549; baseline -0.001 -18"><span class='ocrx_word' id='word_1_83' title='bbox 122 1490 196 1531; x_wconf 91' lang='lat' dir='ltr'><strong>cum</strong></span> <span class='ocrx_word' id='word_1_84' title='bbox 217 1473 325 1530; x_wconf 89' lang='lat' dir='ltr'><strong>natura</strong></span> <span class='ocrx_word' id='word_1_85' title='bbox 348 1470 404 1530; x_wconf 88' lang='lat' dir='ltr'><strong>sibi</strong></span> <span class='ocrx_word' id='word_1_86' title='bbox 427 1471 558 1547; x_wconf 88' lang='lat' dir='ltr'><strong>persolvi</strong></span> <span class='ocrx_word' id='word_1_87' title='bbox 580 1471 682 1531; x_wconf 85' lang='lat' dir='ltr'><strong>debita</strong></span> <span class='ocrx_word' id='word_1_88' title='bbox 701 1473 821 1549; x_wconf 87' lang='lat' dir='ltr'><strong>quaerit</strong></span> 
     </span>
     <span class='ocr_line' id='line_1_16' title="bbox 121 1559 934 1638; baseline 0.001 -20"><span class='ocrx_word' id='word_1_89' title='bbox 121 1562 292 1634; x_wconf 85' lang='lat' dir='ltr'><strong>menstrua,</strong></span> <span class='ocrx_word' id='word_1_90' title='bbox 316 1559 442 1619; x_wconf 87' lang='lat' dir='ltr'><strong>materia</strong></span> <span class='ocrx_word' id='word_1_91' title='bbox 465 1578 532 1620; x_wconf 92' lang='lat' dir='ltr'><strong>cum</strong></span> <span class='ocrx_word' id='word_1_92' title='bbox 555 1563 813 1638; x_wconf 82' lang='lat' dir='ltr'><strong>corruptacaput</strong></span> <span class='ocrx_word' id='word_1_93' title='bbox 835 1564 934 1621; x_wconf 87' lang='lat' dir='ltr'><strong>ortum</strong></span> 
     </span>
     <span class='ocr_line' id='line_1_17' title="bbox 122 1648 993 1729; baseline -0.001 -19"><span class='ocrx_word' id='word_1_94' title='bbox 122 1648 239 1710; x_wconf 89' lang='lat' dir='ltr'><strong>embrio</strong></span> <span class='ocrx_word' id='word_1_95' title='bbox 262 1652 444 1724; x_wconf 72' lang='lat' dir='ltr'>praecurrat.</span> <span class='ocrx_word' id='word_1_96' title='bbox 490 1649 577 1710; x_wconf 92' lang='lat' dir='ltr'><strong>Hunc</strong></span> <span class='ocrx_word' id='word_1_97' title='bbox 600 1650 739 1710; x_wconf 90' lang='lat' dir='ltr'>morbum</span> <span class='ocrx_word' id='word_1_98' title='bbox 761 1652 869 1711; x_wconf 89' lang='lat' dir='ltr'><strong>nuntia</strong></span> <span class='ocrx_word' id='word_1_99' title='bbox 892 1651 993 1729; x_wconf 89' lang='lat' dir='ltr'><strong>signat</strong></span> 
     </span>
     <span class='ocr_line' id='line_1_18' title="bbox 121 1738 979 1818; baseline 0.001 -21"><span class='ocrx_word' id='word_1_100' title='bbox 121 1739 295 1814; x_wconf 81' lang='lat' dir='ltr'>morphea</span> <span class='ocrx_word' id='word_1_101' title='bbox 319 1757 395 1815; x_wconf 87' lang='lat' dir='ltr'><strong>quae</strong></span> <span class='ocrx_word' id='word_1_102' title='bbox 419 1738 503 1799; x_wconf 87' lang='lat' dir='ltr'><strong>vario</strong></span> <span class='ocrx_word' id='word_1_103' title='bbox 527 1740 690 1818; x_wconf 90' lang='lat' dir='ltr'><strong>distinguit</strong></span> <span class='ocrx_word' id='word_1_104' title='bbox 711 1741 844 1800; x_wconf 89' lang='lat' dir='ltr'><strong>membra</strong></span> <span class='ocrx_word' id='word_1_105' title='bbox 867 1742 979 1815; x_wconf 85' lang='lat' dir='ltr'><strong>colore,</strong></span> 
     </span>
     <span class='ocr_line' id='line_1_19' title="bbox 27 1827 943 1905; baseline -0.003 -13"><span class='ocrx_word' id='word_1_106' title='bbox 27 1849 97 1892; x_wconf 83' lang='grc'><strong>1555</strong></span> <span class='ocrx_word' id='word_1_107' title='bbox 123 1831 211 1888; x_wconf 88' lang='lat' dir='ltr'><strong>artus</strong></span> <span class='ocrx_word' id='word_1_108' title='bbox 232 1827 415 1888; x_wconf 86' lang='lat' dir='ltr'><strong>mortificans</strong></span> <span class='ocrx_word' id='word_1_109' title='bbox 438 1830 555 1905; x_wconf 78' lang='lat' dir='ltr'>stupor,</span> <span class='ocrx_word' id='word_1_110' title='bbox 579 1848 761 1905; x_wconf 88' lang='lat' dir='ltr'><strong>exosumque</strong></span> <span class='ocrx_word' id='word_1_111' title='bbox 784 1829 943 1890; x_wconf 82' lang='lat' dir='ltr'><strong>refundens</strong></span> 
     </span>
     <span class='ocr_line' id='line_1_20' title="bbox 124 1916 924 1994; baseline 0.003 -18"><span class='ocrx_word' id='word_1_112' title='bbox 124 1917 182 1994; x_wconf 84' lang='lat' dir='ltr'><strong>qui</strong></span> <span class='ocrx_word' id='word_1_113' title='bbox 202 1916 271 1976; x_wconf 89' lang='lat' dir='ltr'>fluit</span> <span class='ocrx_word' id='word_1_114' title='bbox 293 1937 311 1976; x_wconf 89' lang='grc'><strong>5</strong></span> <span class='ocrx_word' id='word_1_115' title='bbox 333 1916 459 1994; x_wconf 88' lang='lat' dir='ltr'><strong>pedibus</strong></span> <span class='ocrx_word' id='word_1_116' title='bbox 482 1917 531 1978; x_wconf 90' lang='lat' dir='ltr'><strong>vel</strong></span> <span class='ocrx_word' id='word_1_117' title='bbox 554 1918 654 1978; x_wconf 88' lang='lat' dir='ltr'><strong>asellis</strong></span> <span class='ocrx_word' id='word_1_118' title='bbox 677 1919 769 1978; x_wconf 91' lang='lat' dir='ltr'><strong>sudor</strong></span> <span class='ocrx_word' id='word_1_119' title='bbox 792 1919 924 1992; x_wconf 89' lang='lat' dir='ltr'><strong>odorem,</strong></span> 
     </span>
     <span class='ocr_line' id='line_1_21' title="bbox 123 2006 948 2086; baseline -0.001 -20"><span class='ocrx_word' id='word_1_120' title='bbox 123 2006 242 2066; x_wconf 85' lang='lat' dir='ltr'><strong>lubrica</strong></span> <span class='ocrx_word' id='word_1_121' title='bbox 264 2007 313 2065; x_wconf 85' lang='lat' dir='ltr'><strong>vel</strong></span> <span class='ocrx_word' id='word_1_122' title='bbox 335 2007 464 2085; x_wconf 82' lang='lat' dir='ltr'><strong>gliscens</strong></span> <span class='ocrx_word' id='word_1_123' title='bbox 487 2009 575 2084; x_wconf 89' lang='lat' dir='ltr'><strong>quasi</strong></span> <span class='ocrx_word' id='word_1_124' title='bbox 597 2009 638 2067; x_wconf 90' lang='lat' dir='ltr'><strong>sit</strong></span> <span class='ocrx_word' id='word_1_125' title='bbox 660 2007 842 2086; x_wconf 80' lang='lat' dir='ltr'><strong>pinguedine</strong></span> <span class='ocrx_word' id='word_1_126' title='bbox 865 2010 948 2067; x_wconf 86' lang='lat' dir='ltr'><strong>tacta</strong></span> 
     </span>
     <span class='ocr_line' id='line_1_22' title="bbox 124 2095 811 2172; baseline 0 -16"><span class='ocrx_word' id='word_1_127' title='bbox 124 2098 182 2156; x_wconf 87' lang='lat' dir='ltr'><strong>aut</strong></span> <span class='ocrx_word' id='word_1_128' title='bbox 204 2095 268 2154; x_wconf 93' lang='lat' dir='ltr'><strong>oleo</strong></span> <span class='ocrx_word' id='word_1_129' title='bbox 290 2096 412 2171; x_wconf 86' lang='lat' dir='ltr'><strong>perfusa</strong></span> <span class='ocrx_word' id='word_1_130' title='bbox 435 2096 524 2172; x_wconf 86' lang='lat' dir='ltr'><strong>cutis,</strong></span> <span class='ocrx_word' id='word_1_131' title='bbox 547 2096 706 2156; x_wconf 84' lang='lat' dir='ltr'><strong>raucedine</strong></span> <span class='ocrx_word' id='word_1_132' title='bbox 729 2097 811 2156; x_wconf 83' lang='lat' dir='ltr'><strong>vocis</strong></span> 
     </span>
     <span class='ocr_line' id='line_1_23' title="bbox 124 2184 1005 2259; baseline -0.001 -15"><span class='ocrx_word' id='word_1_133' title='bbox 124 2184 205 2258; x_wconf 81' lang='lat' dir='ltr'><strong>(os)</strong></span> <span class='ocrx_word' id='word_1_134' title='bbox 229 2184 356 2259; x_wconf 89' lang='lat' dir='ltr'><strong>laesum,</strong></span> <span class='ocrx_word' id='word_1_135' title='bbox 379 2185 558 2244; x_wconf 90' lang='lat' dir='ltr'><strong>horrendum</strong></span> <span class='ocrx_word' id='word_1_136' title='bbox 582 2186 750 2246; x_wconf 79' lang='lat' dir='ltr'><strong>scintillans</strong></span> <span class='ocrx_word' id='word_1_137' title='bbox 773 2186 849 2246; x_wconf 91' lang='lat' dir='ltr'><strong>lucis</strong></span> <span class='ocrx_word' id='word_1_138' title='bbox 872 2203 1005 2244; x_wconf 87' lang='lat' dir='ltr'><strong>acumen.</strong></span> 
     </span>
     <span class='ocr_line' id='line_1_24' title="bbox 31 2273 976 2353; baseline -0.004 -17"><span class='ocrx_word' id='word_1_139' title='bbox 31 2293 99 2336; x_wconf 79' lang='grc'><strong>1555</strong></span> <span class='ocrx_word' id='word_1_140' title='bbox 122 2273 251 2352; x_wconf 88' lang='lat' dir='ltr'><strong>pustula</strong></span> <span class='ocrx_word' id='word_1_141' title='bbox 272 2274 439 2349; x_wconf 89' lang='lat' dir='ltr'><strong>producens</strong></span> <span class='ocrx_word' id='word_1_142' title='bbox 462 2275 618 2334; x_wconf 88' lang='lat' dir='ltr'><strong>scabiem</strong></span> <span class='ocrx_word' id='word_1_143' title='bbox 642 2276 728 2353; x_wconf 87' lang='lat' dir='ltr'><strong>quasi</strong></span> <span class='ocrx_word' id='word_1_144' title='bbox 753 2275 890 2351; x_wconf 90' lang='lat' dir='ltr'><strong>putridus</strong></span> <span class='ocrx_word' id='word_1_145' title='bbox 914 2277 976 2333; x_wconf 85' lang='lat' dir='ltr'><strong>exit</strong></span> 
     </span>
    </p>
   </div>
   <div class='ocr_carea' id='block_1_3' title="bbox 123 2497 1146 2926">
    <p class='ocr_par' dir='ltr' id='par_1_3' title="bbox 123 2497 1146 2926">
     <span class='ocr_line' id='line_1_25' title="bbox 201 2497 1143 2570; baseline -0.002 -18"><span class='ocrx_word' id='word_1_146' title='bbox 201 2503 269 2552; x_wconf 90' lang='grc'><strong>1833</strong></span> <span class='ocrx_word' id='word_1_147' title='bbox 288 2497 394 2568; x_wconf 89' lang='lat' dir='ltr'><strong>papula</strong></span> <span class='ocrx_word' id='word_1_148' title='bbox 413 2499 429 2552; x_wconf 88' lang='lat' dir='ltr'><strong><em>b</em></strong></span> <span class='ocrx_word' id='word_1_149' title='bbox 451 2497 461 2570; x_wconf 94' lang='grc'><strong>11</strong></span> <span class='ocrx_word' id='word_1_150' title='bbox 485 2503 554 2553; x_wconf 88' lang='grc'><strong>1834</strong></span> <span class='ocrx_word' id='word_1_151' title='bbox 573 2503 593 2564; x_wconf 65' lang='lat' dir='ltr'><strong>d</strong></span> <span class='ocrx_word' id='word_1_152' title='bbox 612 2499 627 2552; x_wconf 91' lang='grc'><strong>3</strong></span> <span class='ocrx_word' id='word_1_153' title='bbox 648 2500 652 2565; x_wconf 94' lang='grc'><strong>1</strong></span> <span class='ocrx_word' id='word_1_154' title='bbox 674 2498 803 2568; x_wconf 80' lang='lat' dir='ltr'><strong>exemplu</strong></span> <span class='ocrx_word' id='word_1_155' title='bbox 822 2499 839 2553; x_wconf 98' lang='grc'><strong>3</strong></span> <span class='ocrx_word' id='word_1_156' title='bbox 861 2498 871 2570; x_wconf 95' lang='grc'><strong>11</strong></span> <span class='ocrx_word' id='word_1_157' title='bbox 894 2503 963 2551; x_wconf 81' lang='grc'><strong>1835</strong></span> <span class='ocrx_word' id='word_1_158' title='bbox 983 2497 1078 2551; x_wconf 83' lang='grc'><strong>555155</strong></span> <span class='ocrx_word' id='word_1_159' title='bbox 1096 2503 1143 2551; x_wconf 82' lang='lat' dir='ltr'><strong>etc.</strong></span> 
     </span>
     <span class='ocr_line' id='line_1_26' title="bbox 123 2566 1146 2639; baseline -0.006 -14"><span class='ocrx_word' id='word_1_160' title='bbox 123 2570 161 2636; x_wconf 80' lang='lat' dir='ltr'><strong>cf.</strong></span> <span class='ocrx_word' id='word_1_161' title='bbox 177 2570 275 2624; x_wconf 78' lang='lat' dir='ltr'><strong>Barth.</strong></span> <span class='ocrx_word' id='word_1_162' title='bbox 291 2570 309 2623; x_wconf 90' lang='grc'><strong>1.</strong></span> <span class='ocrx_word' id='word_1_163' title='bbox 324 2586 345 2624; x_wconf 89' lang='lat' dir='ltr'><strong>c.</strong></span> <span class='ocrx_word' id='word_1_164' title='bbox 361 2573 400 2639; x_wconf 83' lang='lat' dir='ltr'><strong>(p.</strong></span> <span class='ocrx_word' id='word_1_165' title='bbox 412 2573 467 2624; x_wconf 83' lang='lat'><strong>358</strong></span> <span class='ocrx_word' id='word_1_166' title='bbox 479 2595 506 2615; x_wconf 83' lang='lat'>=</span> <span class='ocrx_word' id='word_1_167' title='bbox 520 2574 585 2638; x_wconf 86' lang='lat'><em>363)</em></span> <span class='ocrx_word' id='word_1_168' title='bbox 604 2569 724 2624; x_wconf 85' lang='lat' dir='ltr'><strong>maxime</strong></span> <span class='ocrx_word' id='word_1_169' title='bbox 743 2587 760 2623; x_wconf 91' lang='grc'><strong>5</strong></span> <span class='ocrx_word' id='word_1_170' title='bbox 779 2569 920 2636; x_wconf 81' lang='lat' dir='ltr'><strong>caulibus,</strong></span> <span class='ocrx_word' id='word_1_171' title='bbox 940 2587 957 2623; x_wconf 87' lang='grc'><strong>5</strong></span> <span class='ocrx_word' id='word_1_172' title='bbox 975 2566 1117 2623; x_wconf 87' lang='lat' dir='ltr'><strong>lenticulis</strong></span> <span class='ocrx_word' id='word_1_173' title='bbox 1135 2566 1146 2638; x_wconf 95' lang='grc'><strong>11</strong></span> 
     </span>
     <span class='ocr_line' id='line_1_27' title="bbox 125 2639 1145 2712; baseline -0.004 -17"><span class='ocrx_word' id='word_1_174' title='bbox 125 2645 197 2695; x_wconf 79' lang='grc'><strong>1837</strong></span> <span class='ocrx_word' id='word_1_175' title='bbox 217 2639 373 2709; x_wconf 86' lang='lat' dir='ltr'><strong>dimifrigia</strong></span> <span class='ocrx_word' id='word_1_176' title='bbox 392 2643 407 2695; x_wconf 87' lang='grc'><strong>3</strong></span> <span class='ocrx_word' id='word_1_177' title='bbox 432 2639 442 2712; x_wconf 97' lang='grc'><strong>11</strong></span> <span class='ocrx_word' id='word_1_178' title='bbox 465 2645 535 2695; x_wconf 89' lang='grc'><strong>1838</strong></span> <span class='ocrx_word' id='word_1_179' title='bbox 554 2640 627 2695; x_wconf 87' lang='grc'><strong>51155</strong></span> <span class='ocrx_word' id='word_1_180' title='bbox 646 2643 662 2695; x_wconf 89' lang='grc'><strong>3</strong></span> <span class='ocrx_word' id='word_1_181' title='bbox 682 2644 686 2711; x_wconf 93' lang='grc'><strong>1</strong></span> <span class='ocrx_word' id='word_1_182' title='bbox 708 2657 776 2711; x_wconf 89' lang='lat' dir='ltr'><strong>cepe</strong></span> <span class='ocrx_word' id='word_1_183' title='bbox 795 2643 949 2710; x_wconf 78' lang='grc'><strong>31555553</strong></span> <span class='ocrx_word' id='word_1_184' title='bbox 969 2642 984 2695; x_wconf 91' lang='grc'><strong>3</strong></span> <span class='ocrx_word' id='word_1_185' title='bbox 1004 2640 1145 2709; x_wconf 60' lang='grc'><strong>(5155115-</strong></span> 
     </span>
     <span class='ocr_line' id='line_1_28' title="bbox 124 2712 1143 2779; baseline -0.004 -12"><span class='ocrx_word' id='word_1_186' title='bbox 124 2713 192 2767; x_wconf 88' lang='lat' dir='ltr'><strong>eion</strong></span> <span class='ocrx_word' id='word_1_187' title='bbox 206 2739 231 2756; x_wconf 89' lang='lat'><em>=</em></span> <span class='ocrx_word' id='word_1_188' title='bbox 246 2713 376 2766; x_wconf 86' lang='lat' dir='ltr'><strong>seneciou</strong></span> <span class='ocrx_word' id='word_1_189' title='bbox 400 2712 495 2767; x_wconf 78' lang='lat' dir='ltr'><strong>Simon</strong></span> <span class='ocrx_word' id='word_1_190' title='bbox 513 2714 569 2768; x_wconf 76' lang='lat' dir='ltr'><strong>Iao</strong></span> <span class='ocrx_word' id='word_1_191' title='bbox 590 2729 611 2767; x_wconf 86' lang='lat' dir='ltr'><strong>s.</strong></span> <span class='ocrx_word' id='word_1_192' title='bbox 631 2729 673 2766; x_wconf 85' lang='lat' dir='ltr'><strong>oo.</strong></span> <span class='ocrx_word' id='word_1_193' title='bbox 692 2720 717 2769; x_wconf 86' lang='lat' dir='ltr'><strong>et</strong></span> <span class='ocrx_word' id='word_1_194' title='bbox 739 2731 760 2768; x_wconf 85' lang='grc'><strong>5.</strong></span> <span class='ocrx_word' id='word_1_195' title='bbox 781 2713 895 2779; x_wconf 89' lang='lat' dir='ltr'><strong>sedum).</strong></span> <span class='ocrx_word' id='word_1_196' title='bbox 933 2713 1001 2766; x_wconf 74' lang='lat' dir='ltr'><strong>Les.</strong></span> <span class='ocrx_word' id='word_1_197' title='bbox 1021 2712 1100 2778; x_wconf 83' lang='lat' dir='ltr'><strong>olfito</strong></span> <span class='ocrx_word' id='word_1_198' title='bbox 1122 2727 1143 2765; x_wconf 86' lang='lat' dir='ltr'><strong>s.</strong></span> 
     </span>
     <span class='ocr_line' id='line_1_29' title="bbox 123 2782 1144 2853; baseline 0 -16"><span class='ocrx_word' id='word_1_199' title='bbox 123 2783 237 2838; x_wconf 84' lang='lat' dir='ltr'><strong>sonatio</strong></span> <span class='ocrx_word' id='word_1_200' title='bbox 260 2784 279 2837; x_wconf 87' lang='lat' dir='ltr'><strong>i.</strong></span> <span class='ocrx_word' id='word_1_201' title='bbox 298 2783 472 2846; x_wconf 78' lang='lat' dir='ltr'><strong>nasturcium</strong></span> <span class='ocrx_word' id='word_1_202' title='bbox 496 2783 658 2851; x_wconf 85' lang='lat' dir='ltr'><strong>aquaticum</strong></span> <span class='ocrx_word' id='word_1_203' title='bbox 683 2787 711 2853; x_wconf 86' lang='lat' dir='ltr'><strong>(a</strong></span> <span class='ocrx_word' id='word_1_204' title='bbox 733 2801 786 2853; x_wconf 82' lang='lat' dir='ltr'><strong>quo</strong></span> <span class='ocrx_word' id='word_1_205' title='bbox 809 2785 921 2850; x_wconf 82' lang='lat' dir='ltr'><strong>differat</strong></span> <span class='ocrx_word' id='word_1_206' title='bbox 940 2783 1046 2838; x_wconf 79' lang='grc'><strong>5555515</strong></span> <span class='ocrx_word' id='word_1_207' title='bbox 1068 2782 1144 2850; x_wconf 56' lang='grc'><strong>5135.</strong></span> 
     </span>
     <span class='ocr_line' id='line_1_30' title="bbox 124 2853 1146 2926; baseline -0.002 -16"><span class='ocrx_word' id='word_1_208' title='bbox 124 2853 238 2910; x_wconf 85' lang='lat' dir='ltr'><strong>senecio</strong></span> <span class='ocrx_word' id='word_1_209' title='bbox 251 2881 278 2900; x_wconf 88' lang='lat'><em>=</em></span> <span class='ocrx_word' id='word_1_210' title='bbox 289 2856 391 2910; x_wconf 83' lang='lat' dir='ltr'><strong>cardus</strong></span> <span class='ocrx_word' id='word_1_211' title='bbox 404 2855 568 2923; x_wconf 80' lang='lat' dir='ltr'><strong>benedictus)</strong></span> <span class='ocrx_word' id='word_1_212' title='bbox 584 2854 594 2926; x_wconf 95' lang='grc'><strong>11</strong></span> <span class='ocrx_word' id='word_1_213' title='bbox 614 2860 682 2909; x_wconf 84' lang='grc'><strong>1888</strong></span> <span class='ocrx_word' id='word_1_214' title='bbox 698 2858 823 2910; x_wconf 84' lang='lat' dir='ltr'><strong>extrema</strong></span> <span class='ocrx_word' id='word_1_215' title='bbox 840 2856 855 2909; x_wconf 92' lang='grc'><strong>3</strong></span> <span class='ocrx_word' id='word_1_216' title='bbox 873 2854 884 2926; x_wconf 97' lang='grc'><strong>11</strong></span> <span class='ocrx_word' id='word_1_217' title='bbox 902 2859 969 2909; x_wconf 87' lang='lat'>1841</span> <span class='ocrx_word' id='word_1_218' title='bbox 986 2855 1091 2909; x_wconf 85' lang='lat' dir='ltr'><strong>amicos</strong></span> <span class='ocrx_word' id='word_1_219' title='bbox 1107 2853 1146 2926; x_wconf 91' lang='grc'><strong>311</strong></span> 
     </span>
    </p>
   </div>
   <div class='ocr_carea' id='block_1_4' title="bbox 123 2945 1145 3301">
    <p class='ocr_par' dir='ltr' id='par_1_4' title="bbox 123 2945 1145 3301">
     <span class='ocr_line' id='line_1_31' title="bbox 124 2945 1145 3033; baseline -0.002 -18"><span class='ocrx_word' id='word_1_220' title='bbox 124 2966 197 3015; x_wconf 76' lang='grc'><strong>1848</strong></span> <span class='ocrx_word' id='word_1_221' title='bbox 222 2963 290 3016; x_wconf 85' lang='lat' dir='ltr'><strong>nota</strong></span> <span class='ocrx_word' id='word_1_222' title='bbox 313 2961 361 3033; x_wconf 92' lang='grc'><strong>311</strong></span> <span class='ocrx_word' id='word_1_223' title='bbox 387 2966 456 3015; x_wconf 88' lang='grc'><strong>1843</strong></span> <span class='ocrx_word' id='word_1_224' title='bbox 479 2963 561 3028; x_wconf 64' lang='lat' dir='ltr'><strong>periet</strong></span> <span class='ocrx_word' id='word_1_225' title='bbox 584 2945 638 3030; x_wconf 62' lang='grc'><strong>5511</strong></span> <span class='ocrx_word' id='word_1_226' title='bbox 661 2961 788 3026; x_wconf 87' lang='lat' dir='ltr'><strong>carnalia</strong></span> <span class='ocrx_word' id='word_1_227' title='bbox 808 2962 823 3015; x_wconf 89' lang='grc'><strong>3</strong></span> <span class='ocrx_word' id='word_1_228' title='bbox 847 2961 935 3030; x_wconf 90' lang='lat' dir='ltr'><strong>(coitu</strong></span> <span class='ocrx_word' id='word_1_229' title='bbox 957 2961 1084 3017; x_wconf 89' lang='lat' dir='ltr'><strong>mulieris</strong></span> <span class='ocrx_word' id='word_1_230' title='bbox 1108 2960 1145 3014; x_wconf 88' lang='lat' dir='ltr'><strong>ad</strong></span> 
     </span>
     <span class='ocr_line' id='line_1_32' title="bbox 124 3032 1145 3105; baseline 0.001 -20"><span class='ocrx_word' id='word_1_231' title='bbox 124 3049 213 3102; x_wconf 84' lang='lat' dir='ltr'><strong>quam</strong></span> <span class='ocrx_word' id='word_1_232' title='bbox 232 3032 359 3103; x_wconf 85' lang='lat' dir='ltr'><strong>leprosus</strong></span> <span class='ocrx_word' id='word_1_233' title='bbox 378 3033 498 3086; x_wconf 88' lang='lat' dir='ltr'><strong>accessit</strong></span> <span class='ocrx_word' id='word_1_234' title='bbox 516 3034 600 3101; x_wconf 86' lang='lat' dir='ltr'><strong>Plot.)</strong></span> <span class='ocrx_word' id='word_1_235' title='bbox 619 3033 629 3105; x_wconf 97' lang='grc'><strong>11</strong></span> <span class='ocrx_word' id='word_1_236' title='bbox 649 3038 718 3087; x_wconf 92' lang='grc'><strong>1844</strong></span> <span class='ocrx_word' id='word_1_237' title='bbox 736 3033 771 3098; x_wconf 78' lang='lat' dir='ltr'><strong>cf.</strong></span> <span class='ocrx_word' id='word_1_238' title='bbox 785 3033 859 3088; x_wconf 83' lang='lat' dir='ltr'><strong>Plot.</strong></span> <span class='ocrx_word' id='word_1_239' title='bbox 879 3036 929 3086; x_wconf 86' lang='lat' dir='ltr'><strong>aut</strong></span> <span class='ocrx_word' id='word_1_240' title='bbox 947 3049 1011 3086; x_wconf 93' lang='lat' dir='ltr'><strong>cum</strong></span> <span class='ocrx_word' id='word_1_241' title='bbox 1029 3034 1062 3086; x_wconf 90' lang='lat' dir='ltr'><strong>fit</strong></span> <span class='ocrx_word' id='word_1_242' title='bbox 1080 3049 1145 3086; x_wconf 86' lang='lat' dir='ltr'><strong>eon·</strong></span> 
     </span>
     <span class='ocr_line' id='line_1_33' title="bbox 124 3102 1142 3176; baseline -0.001 -18"><span class='ocrx_word' id='word_1_243' title='bbox 124 3103 222 3172; x_wconf 85' lang='lat' dir='ltr'><strong>ceptio</strong></span> <span class='ocrx_word' id='word_1_244' title='bbox 240 3104 271 3158; x_wconf 91' lang='lat' dir='ltr'><strong>in</strong></span> <span class='ocrx_word' id='word_1_245' title='bbox 289 3107 415 3174; x_wconf 88' lang='lat' dir='ltr'><strong>tempore</strong></span> <span class='ocrx_word' id='word_1_246' title='bbox 433 3107 639 3159; x_wconf 86' lang='lat' dir='ltr'><strong>menstruorum</strong></span> <span class='ocrx_word' id='word_1_247' title='bbox 658 3104 668 3176; x_wconf 97' lang='grc'><strong>11</strong></span> <span class='ocrx_word' id='word_1_248' title='bbox 687 3109 756 3158; x_wconf 91' lang='grc'><strong>1848</strong></span> <span class='ocrx_word' id='word_1_249' title='bbox 775 3102 881 3158; x_wconf 88' lang='lat' dir='ltr'><strong>embrio</strong></span> <span class='ocrx_word' id='word_1_250' title='bbox 897 3106 955 3174; x_wconf 80' lang='lat' dir='ltr'><strong>(sic)</strong></span> <span class='ocrx_word' id='word_1_251' title='bbox 970 3105 1086 3175; x_wconf 78' lang='lat' dir='ltr'><strong>pcurrat</strong></span> <span class='ocrx_word' id='word_1_252' title='bbox 1104 3105 1120 3157; x_wconf 92' lang='grc'><strong>3</strong></span> <span class='ocrx_word' id='word_1_253' title='bbox 1139 3102 1142 3174; x_wconf 96' lang='grc'><strong>1</strong></span> 
     </span>
     <span class='ocr_line' id='line_1_34' title="bbox 123 3174 1144 3301; baseline -0.002 -71"><span class='ocrx_word' id='word_1_254' title='bbox 123 3176 229 3230; x_wconf 90' lang='lat' dir='ltr'><strong>nuntia</strong></span> <span class='ocrx_word' id='word_1_255' title='bbox 248 3176 355 3245; x_wconf 86' lang='lat' dir='ltr'><strong>signat:</strong></span> <span class='ocrx_word' id='word_1_256' title='bbox 374 3177 408 3240; x_wconf 75' lang='lat' dir='ltr'><strong>cf.</strong></span> <span class='ocrx_word' id='word_1_257' title='bbox 424 3176 512 3230; x_wconf 76' lang='lat' dir='ltr'><strong>antid.</strong></span> <span class='ocrx_word' id='word_1_258' title='bbox 528 3179 639 3243; x_wconf 75' lang='lat'><em>4‚1525</em></span> <span class='ocrx_word' id='word_1_259' title='bbox 656 3174 787 3244; x_wconf 87' lang='lat' dir='ltr'><strong>preludia</strong></span> <span class='ocrx_word' id='word_1_260' title='bbox 806 3175 933 3301; x_wconf 67' lang='grc'><strong>15515511</strong></span> <span class='ocrx_word' id='word_1_261' title='bbox 957 3181 1026 3230; x_wconf 81' lang='grc'><strong>1880</strong></span> <span class='ocrx_word' id='word_1_262' title='bbox 1045 3175 1144 3230; x_wconf 76' lang='lat' dir='ltr'><strong>Barth.</strong></span> 
     </span>
    </p>
   </div>
   <div class='ocr_carea' id='block_1_5' title="bbox 124 3245 1146 3531">
    <p class='ocr_par' dir='ltr' id='par_1_5' title="bbox 124 3245 1146 3531">
     <span class='ocr_line' id='line_1_35' title="bbox 125 3245 1145 3316; baseline 0 -14"><span class='ocrx_word' id='word_1_263' title='bbox 125 3248 185 3316; x_wconf 86' lang='lat'><strong><em>(11,</em></strong></span> <span class='ocrx_word' id='word_1_264' title='bbox 197 3250 263 3316; x_wconf 84' lang='grc'><strong>358)</strong></span> <span class='ocrx_word' id='word_1_265' title='bbox 284 3247 416 3301; x_wconf 87' lang='lat' dir='ltr'><strong>dormitio</strong></span> <span class='ocrx_word' id='word_1_266' title='bbox 435 3246 537 3315; x_wconf 88' lang='lat' dir='ltr'><strong>pedum</strong></span> <span class='ocrx_word' id='word_1_267' title='bbox 558 3249 587 3302; x_wconf 89' lang='lat' dir='ltr'><strong>et</strong></span> <span class='ocrx_word' id='word_1_268' title='bbox 603 3245 807 3300; x_wconf 87' lang='lat' dir='ltr'><strong>insensibilitas</strong></span> <span class='ocrx_word' id='word_1_269' title='bbox 826 3263 913 3302; x_wconf 87' lang='lat' dir='ltr'><strong>eorun</strong></span> <span class='ocrx_word' id='word_1_270' title='bbox 934 3261 978 3302; x_wconf 88' lang='lat' dir='ltr'><strong>em</strong></span> <span class='ocrx_word' id='word_1_271' title='bbox 1001 3247 1036 3314; x_wconf 79' lang='lat' dir='ltr'><strong>cf.</strong></span> <span class='ocrx_word' id='word_1_272' title='bbox 1051 3262 1081 3315; x_wconf 80' lang='lat' dir='ltr'><strong>p.</strong></span> <span class='ocrx_word' id='word_1_273' title='bbox 1091 3249 1145 3302; x_wconf 86' lang='lat'><strong>361</strong></span> 
     </span>
     <span class='ocr_line' id='line_1_36' title="bbox 125 3316 1142 3442; baseline 0 -70"><span class='ocrx_word' id='word_1_274' title='bbox 125 3318 285 3388; x_wconf 82' lang='lat' dir='ltr'><strong>(dormitio,</strong></span> <span class='ocrx_word' id='word_1_275' title='bbox 307 3319 357 3372; x_wconf 80' lang='grc'><strong>531</strong></span> <span class='ocrx_word' id='word_1_276' title='bbox 379 3319 507 3384; x_wconf 52' lang='grc'><strong>111555</strong></span> <span class='ocrx_word' id='word_1_277' title='bbox 528 3317 731 3442; x_wconf 63' lang='grc'><strong>1515155115111</strong></span> <span class='ocrx_word' id='word_1_278' title='bbox 755 3323 823 3374; x_wconf 79' lang='grc'><strong>1831</strong></span> <span class='ocrx_word' id='word_1_279' title='bbox 849 3320 909 3387; x_wconf 85' lang='lat' dir='ltr'><strong>qui:</strong></span> <span class='ocrx_word' id='word_1_280' title='bbox 934 3336 954 3386; x_wconf 76' lang='lat' dir='ltr'>p</span> <span class='ocrx_word' id='word_1_281' title='bbox 977 3317 1074 3388; x_wconf 89' lang='lat' dir='ltr'><strong>(quod)</strong></span> <span class='ocrx_word' id='word_1_282' title='bbox 1098 3318 1114 3372; x_wconf 90' lang='grc'><strong>3</strong></span> <span class='ocrx_word' id='word_1_283' title='bbox 1138 3316 1142 3390; x_wconf 97' lang='grc'><strong>1</strong></span> 
     </span>
     <span class='ocr_line' id='line_1_37' title="bbox 124 3388 1146 3462; baseline -0.004 -18"><span class='ocrx_word' id='word_1_284' title='bbox 124 3389 223 3444; x_wconf 79' lang='lat' dir='ltr'><strong>asellis</strong></span> <span class='ocrx_word' id='word_1_285' title='bbox 248 3393 284 3459; x_wconf 91' lang='lat'><strong>(=</strong></span> <span class='ocrx_word' id='word_1_286' title='bbox 298 3388 419 3458; x_wconf 87' lang='lat' dir='ltr'><strong>ascellis)</strong></span> <span class='ocrx_word' id='word_1_287' title='bbox 446 3391 461 3444; x_wconf 90' lang='grc'><strong>3</strong></span> <span class='ocrx_word' id='word_1_288' title='bbox 486 3390 547 3456; x_wconf 72' lang='lat' dir='ltr'><strong>(obi</strong></span> <span class='ocrx_word' id='word_1_289' title='bbox 569 3389 583 3442; x_wconf 88' lang='grc'><strong>1</strong></span> <span class='ocrx_word' id='word_1_290' title='bbox 593 3416 620 3435; x_wconf 91' lang='lat'>=</span> <span class='ocrx_word' id='word_1_291' title='bbox 634 3389 660 3442; x_wconf 87' lang='grc'><strong>11</strong></span> <span class='ocrx_word' id='word_1_292' title='bbox 669 3415 697 3435; x_wconf 89' lang='grc'><strong>--</strong></span> <span class='ocrx_word' id='word_1_293' title='bbox 723 3391 747 3458; x_wconf 90' lang='grc'><strong>5)</strong></span> <span class='ocrx_word' id='word_1_294' title='bbox 775 3389 785 3462; x_wconf 96' lang='grc'><strong>11</strong></span> <span class='ocrx_word' id='word_1_295' title='bbox 812 3395 882 3444; x_wconf 80' lang='grc'><strong>1854</strong></span> <span class='ocrx_word' id='word_1_296' title='bbox 907 3391 981 3444; x_wconf 81' lang='lat' dir='ltr'><strong>Lesu</strong></span> <span class='ocrx_word' id='word_1_297' title='bbox 1004 3389 1146 3443; x_wconf 83' lang='lat' dir='ltr'><strong>horrendu</strong></span> 
     </span>
     <span class='ocr_line' id='line_1_38' title="bbox 124 3460 1144 3531; baseline -0.001 -15"><span class='ocrx_word' id='word_1_298' title='bbox 124 3462 175 3529; x_wconf 81' lang='grc'><strong>(53</strong></span> <span class='ocrx_word' id='word_1_299' title='bbox 197 3462 279 3516; x_wconf 68' lang='lat' dir='ltr'><strong>initio</strong></span> <span class='ocrx_word' id='word_1_300' title='bbox 301 3463 404 3530; x_wconf 76' lang='grc'><strong>5515551</strong></span> <span class='ocrx_word' id='word_1_301' title='bbox 428 3461 443 3514; x_wconf 89' lang='grc'><strong>3</strong></span> <span class='ocrx_word' id='word_1_302' title='bbox 468 3464 528 3530; x_wconf 87' lang='lat' dir='ltr'>(om.</span> <span class='ocrx_word' id='word_1_303' title='bbox 553 3477 584 3514; x_wconf 86' lang='lat' dir='ltr'><strong>oe</strong></span> <span class='ocrx_word' id='word_1_304' title='bbox 606 3463 648 3516; x_wconf 84' lang='grc'><strong>551</strong></span> <span class='ocrx_word' id='word_1_305' title='bbox 670 3461 724 3516; x_wconf 86' lang='lat' dir='ltr'><strong>talc</strong></span> <span class='ocrx_word' id='word_1_306' title='bbox 747 3462 833 3531; x_wconf 75' lang='lat' dir='ltr'><strong>quid).</strong></span> <span class='ocrx_word' id='word_1_307' title='bbox 875 3462 910 3528; x_wconf 77' lang='lat' dir='ltr'><strong>cf.</strong></span> <span class='ocrx_word' id='word_1_308' title='bbox 930 3461 1028 3516; x_wconf 75' lang='lat' dir='ltr'><strong>Bono.</strong></span> <span class='ocrx_word' id='word_1_309' title='bbox 1054 3461 1097 3527; x_wconf 83' lang='lat' dir='ltr'><strong>(O.</strong></span> <span class='ocrx_word' id='word_1_310' title='bbox 1116 3460 1144 3515; x_wconf 83' lang='lat' dir='ltr'><strong>S.</strong></span> 
     </span>
    </p>
   </div>
   <div class='ocr_carea' id='block_1_6' title="bbox 125 3530 1143 3601">
    <p class='ocr_par' dir='ltr' id='par_1_6' title="bbox 125 3530 1143 3601">
     <span class='ocr_line' id='line_1_39' title="bbox 125 3530 1143 3601; baseline -0.004 -13"><span class='ocrx_word' id='word_1_311' title='bbox 125 3533 173 3599; x_wconf 86' lang='lat'><strong>11,</strong></span> <span class='ocrx_word' id='word_1_312' title='bbox 185 3535 249 3601; x_wconf 83' lang='grc'><strong>3581</strong></span> <span class='ocrx_word' id='word_1_313' title='bbox 273 3530 474 3586; x_wconf 85' lang='lat' dir='ltr'><strong>scintillantem</strong></span> <span class='ocrx_word' id='word_1_314' title='bbox 499 3530 606 3586; x_wconf 88' lang='lat' dir='ltr'><strong>habent</strong></span> <span class='ocrx_word' id='word_1_315' title='bbox 628 3534 774 3600; x_wconf 86' lang='lat' dir='ltr'><strong>aspectum</strong></span> <span class='ocrx_word' id='word_1_316' title='bbox 791 3548 912 3586; x_wconf 87' lang='grc'><strong>5515</strong></span> <span class='ocrx_word' id='word_1_317' title='bbox 935 3533 1074 3586; x_wconf 73' lang='lat' dir='ltr'><strong>unctuosa</strong></span> <span class='ocrx_word' id='word_1_318' title='bbox 1097 3537 1143 3586; x_wconf 81' lang='lat' dir='ltr'><strong>etc.</strong></span> 
     </span>
    </p>
   </div>
   <div class='ocr_carea' id='block_1_7' title="bbox 0 0 1310 3900">
    <p class='ocr_par' dir='ltr' id='par_1_7' title="bbox 0 0 1310 3900">
     <span class='ocr_line' id='line_1_40' title="bbox 0 0 1310 3900; baseline 0 0"><span class='ocrx_word' id='word_1_319' title='bbox 0 0 1310 3900; x_wconf 95' lang='lat' dir='ltr'><strong> </strong></span> 
     </span>
    </p>
   </div>
  </div>
 </body>
</html>
