2604 3900
529 165 698 222 VIATIOUS

20 389 21 394 η
101 337 188 377 nunc
210 337 263 394 per
284 316 449 378 diabrosim
472 335 564 377 venae
588 335 732 396 compage
755 320 856 378 soluta

102 409 138 468 vi
161 407 289 482 colerae,
312 426 391 467 nuuc
414 406 536 466 ubertas
560 408 676 466 occasio
698 407 794 466 fluxus

102 497 244 556 efficitur.
281 495 307 555 si
329 496 501 556 vulneribus
526 498 566 556 sit
587 514 665 555 vena
687 496 800 571 soluta,

33 602 84 640 nro
102 587 142 645 fic
164 585 261 660 dolor,
285 588 316 644 et
338 603 429 645 causa
451 586 616 664 praecessit
637 584 761 661 praevia
784 603 869 646 casus

104 677 161 734 aut
182 676 242 734 iter
263 677 318 734 aut
340 693 444 752 pugna
466 675 515 734 vel
538 676 661 752 quaevis
686 693 775 734 causa
797 675 931 753 fatigans

103 767 252 823 humanas
276 764 368 839 vires,
392 766 422 822 et
444 764 513 842 puri
535 764 691 842 sanguinis
714 764 796 823 unda

104 853 211 912 effluit.
247 853 369 912 ubertas
393 852 419 912 si
441 870 534 913 eausa
556 853 608 927 sit,
631 852 769 912 uberiore

103 943 229 1001 flumine
252 941 435 1019 prorumpit,
459 943 500 1002 sit
522 942 640 1020 signnm
663 942 807 1018 plectora,
831 962 924 1002 venae

33 1048 83 1087 iere
103 1031 225 1106 molles,
249 1049 374 1091 carnosa
397 1031 497 1108 chymi
520 1033 582 1091 sine
606 1030 690 1091 sorde
713 1031 839 1107 fluenta,

103 1139 161 1181 nec
184 1120 271 1179 dolor
292 1121 425 1180 infestat.
462 1121 576 1180 colerae
600 1121 626 1180 si
649 1120 758 1181 fundat
780 1140 904 1180 acumen

105 1211 305 1288 sanguineum
327 1211 485 1285 minctum,
508 1208 633 1269 mordax
655 1213 805 1286 punctura
826 1211 980 1288 molestat,

105 1303 139 1358 et
161 1317 280 1359 croceus
303 1302 391 1359 notat
413 1300 469 1358 hoc
492 1300 628 1377 sanguis,
652 1299 782 1360 corrosio
804 1319 898 1359 venae

104 1389 263 1466 sauguinis
286 1389 446 1448 mmuudas
469 1407 536 1448 cum
559 1388 693 1448 faecibus
716 1390 788 1448 eicit
810 1388 915 1449 trudas.

34 1495 85 1534 neo
104 1479 187 1538 hunc
208 1478 320 1538 fluxum
344 1477 371 1537 si
393 1478 495 1537 fundit
518 1496 602 1554 epar,
627 1479 798 1555 prorumpit
819 1477 958 1539 habunde

105 1570 138 1626 et
159 1586 253 1644 purus
276 1567 412 1646 sanguis,
436 1566 571 1646 gravitm
593 1566 777 1644 ypocundria
800 1567 905 1628 derbe

104 1657 243 1732 infestat,
267 1658 418 1733 postrema
441 1654 516 1716 facit
538 1675 594 1716 sua
615 1657 742 1716 flumina
764 1657 892 1736 sangnis

18 1797 20 1804 ,
103 1745 195 1806 urina
217 1746 358 1805 manente
381 1745 475 1822 prius.
513 1747 539 1805 si
561 1745 682 1806 renibus
706 1747 778 1822 exit,

104 1835 139 1893 in
160 1853 266 1894 renum
288 1836 410 1913 regione
433 1833 519 1894 dolor
537 1834 728 1910 discernitur,
752 1839 841 1913 atque

33 1940 84 1980 148⁶
104 1923 243 2001 passibus
268 1923 405 2002 aequatis
428 1926 568 1999 ommni,
591 1924 696 1985 effusio
720 1927 850 2003 sanguis.

105 2013 133 2073 si
156 2013 196 2074 sit
218 2013 299 2073 laesa
321 2013 405 2088 hilis,
428 2013 493 2072 illic
515 2012 664 2092 perpendo
688 2013 828 2073 dolorem.

105 2104 223 2162 vesicae
245 2103 321 2162 vitio
345 2103 371 2162 si
393 2103 527 2180 perfluit,
551 2104 634 2162 ocius
658 2102 719 2162 exit

104 2191 211 2250 urium
232 2191 330 2251 fluxus
352 2209 559 2268 praecurrens,
583 2191 663 2253 vasis
686 2193 718 2251 in
740 2190 801 2249 imo

104 2280 244 2341 subsistit
267 2282 321 2357 qui
344 2282 482 2358 grossitie
506 2284 630 2359 cogente
653 2280 791 2340 deorsum

34 2369 233 2445 sublabitur,
257 2372 287 2429 et
311 2371 447 2430 cumulus
470 2387 558 2430 cruor
580 2373 626 2431 ert
647 2371 680 2428 in
703 2387 774 2430 vase
797 2367 946 2447 globosus.

105 2458 188 2536 quod
211 2460 237 2519 si
260 2477 437 2536 squamosus
462 2477 569 2519 exosus
592 2459 715 2519 naribus
740 2459 814 2534 exit,

105 2549 220 2625 absque
243 2547 302 2607 fide
325 2549 418 2609 dubia
440 2549 556 2609 resices
578 2549 704 2609 vulnera
725 2547 835 2625 prodit.

177 2637 321 2697 Humoris
344 2637 473 2715 duplicis
497 2638 615 2715 lapidi
637 2641 748 2698 natura
770 2637 923 2697 ministrat

103 2729 265 2786 materiam
287 2728 439 2804 variisque
462 2727 534 2788 locis
557 2729 613 2788 hoc
635 2727 828 2787 materiatum

33 2817 254 2892 subnascitur,
277 2816 401 2878 iurene
426 2819 558 2896 gemino,
581 2816 719 2897 frigentis
742 2818 774 2876 iu
797 2835 847 2875 ore

104 2905 232 2966 vesicae.
270 2905 353 2966 cibus
375 2907 433 2966 hoc
456 2906 619 2983 dampnum
641 2910 791 2983 potusque
813 2905 967 2964 ministrat

179 3082 248 3132 1467
268 3077 430 3146 dyabrosim
451 3079 465 3131 b
485 3077 530 3146 (cf.
549 3093 574 3131 o.
585 3079 648 3146 738)
670 3076 680 3149 11
704 3082 771 3130 1471
791 3080 887 3148 pugna
905 3077 965 3147 (sic)
985 3077 1001 3131 b
1023 3076 1033 3160 [i
1056 3081 1126 3130 1472

104 3151 134 3203 et
153 3148 230 3216 puri:
252 3149 328 3218 ipuri
347 3149 372 3204 b.
408 3150 449 3203 Io.
470 3148 556 3203 sirit
579 3163 613 3202 ex
633 3148 764 3216 ruptione
782 3164 852 3204 rene
870 3165 957 3217 purus
977 3148 1124 3202 emittitur.

104 3221 129 3273 si
155 3235 190 3273 ex
211 3220 371 3274 corrosione
393 3219 438 3274 rel
462 3225 539 3290 (corr.
560 3220 621 3273 siue
646 3226 679 3275 ut
702 3222 799 3288 aspra)
822 3219 936 3274 vulnere
957 3217 1127 3288 purulentus

104 3293 150 3346 est
166 3291 177 3363 Η
196 3296 266 3345 1479
280 3291 393 3345 imudas
408 3291 424 3346 b
441 3290 452 3363 11
471 3296 540 3345 1485
556 3292 671 3345 currunt
684 3291 744 3349 scil.
757 3293 843 3348 eorum
856 3298 881 3347 et
894 3292 1010 3362 sanguis
1026 3289 1037 3364 Η
1056 3295 1125 3346 1487

104 3362 202 3417 occius
220 3362 236 3416 b
254 3361 264 3434 11
284 3368 353 3417 1488
372 3363 453 3417 urina
471 3367 605 3432 pourreus
624 3361 715 3416 fluxus
734 3365 750 3417 b

179 3438 248 3488 1498
271 3435 347 3490 mbr.
371 3433 413 3488 De
436 3433 540 3502 lapidis
564 3434 656 3488 causis
681 3435 710 3489 et
734 3434 823 3504 signis
849 3436 878 3489 et
903 3431 1050 3502 speciebus
1077 3435 1092 3487 b
1117 3433 1127 3504 ΙΙ

105 3545 177 3595 1494
195 3516 216 3592 i
234 3529 341 3595 metica
361 3541 420 3610 (ese)
440 3541 456 3594 c
