2584 3900
189 147 229 210 12
636 141 750 196 nomn

186 292 369 368 coniectare,
392 293 479 352 urina
502 293 588 352 rubet
611 292 792 371 pinguedine
816 293 925 368 spissa,

185 401 262 442 vene
283 384 393 457 tumet,
416 382 515 440 mollis
538 383 641 458 pulsus
664 381 806 441 velociter
826 382 929 441 instat.

184 489 253 530 raro
277 471 435 531 succedens
458 472 513 531 sub
536 473 621 531 verni
642 472 785 547 temporis
808 471 883 530 hora

185 561 316 620 crebrius
338 561 464 619 infestet
486 565 516 620 et
538 561 570 618 in
592 561 672 619 horis
695 561 852 638 sanguinis
874 561 977 620 instet.

127 669 165 708 ess
187 649 219 707 si
241 650 355 710 colerae
379 650 464 708 furor
485 651 518 709 in
541 668 632 709 causa
654 652 712 724 est,
734 651 850 708 rixatur
874 652 905 709 et
925 651 989 707 irae

185 739 347 814 asperitate
371 739 459 814 furit,
481 739 552 798 ferit
574 742 605 799 et
627 739 758 798 latrante
781 757 901 798 susurro

184 831 311 904 usurpet
333 830 415 888 cenis
439 828 570 886 officium
595 829 676 905 quod
698 829 844 888 morsibus
867 828 981 903 implet.

184 917 317 994 gestibus
339 917 389 976 hic
411 918 527 995 gallum
550 918 664 977 similet
686 917 823 993 falsoque
845 918 950 976 volatu

184 1025 214 1065 se
237 1007 383 1066 mentitur
405 1025 504 1081 ovem,
528 1006 599 1065 dnm
621 1010 788 1066 commovet
810 1026 880 1066 nera
902 1007 1012 1083 palmis

126 1113 164 1151 mo
183 1094 305 1155 brachiu
329 1096 499 1155 concutiens
523 1099 553 1155 et
576 1097 693 1155 solvens
717 1115 831 1173 organo.
853 1096 935 1155 vocis

182 1185 214 1242 in
238 1189 351 1245 cantus.
388 1185 498 1244 effrena
520 1185 602 1261 rapit
624 1204 730 1244 manus
754 1204 846 1244 arma.
883 1185 990 1244 coloris

182 1275 284 1335 vultus
307 1274 420 1349 citrini,
443 1276 553 1334 macies
577 1275 755 1334 exterminet
778 1277 869 1334 artus.
916 1320 917 1323 η

182 1363 327 1441 praeterit
348 1365 513 1440 insompnis
536 1382 595 1422 nox
618 1366 709 1439 atque
733 1364 796 1423 dies
819 1365 973 1439 sepelitur,

181 1455 233 1512 lux
254 1453 337 1512 intus
360 1454 499 1512 conclusa
521 1455 604 1513 lutet.
642 1453 783 1513 volociter
804 1453 899 1512 instat

124 1557 162 1596 me
182 1543 310 1602 arteriae
333 1544 446 1616 motus,
469 1544 522 1618 qui
545 1542 620 1600 duro
643 1543 764 1602 verbere
788 1542 892 1601 cedens

181 1633 313 1691 inmutet
334 1631 470 1709 digitum.
507 1631 614 1691 rutilat
636 1632 743 1690 citrino
766 1633 864 1691 colore

181 1721 287 1780 urinae
309 1720 408 1780 tenuis
432 1720 610 1780 substantia.
647 1721 780 1781 fervidus
804 1723 903 1780 aestus

182 1810 305 1870 aestatis
328 1813 452 1888 generat
473 1810 563 1868 huius
586 1810 760 1870 discrimina
781 1809 891 1884 morbi,

181 1903 210 1958 et
233 1901 320 1978 vigor
342 1902 373 1958 et
395 1900 490 1959 virtus
514 1900 610 1958 maior
632 1899 741 1958 diffusa
763 1919 817 1976 per
840 1903 922 1958 artus

123 2003 162 2041 oso
180 1989 294 2048 viribus
316 1990 455 2048 humanis
479 1989 606 2048 maiores
628 1989 722 2048 efficit
744 1990 837 2047 actis.

179 2079 228 2138 hic
255 2078 330 2137 vitio
353 2080 461 2138 mentis
485 2078 606 2139 delusus
630 2097 715 2136 secra
738 2077 861 2136 deorum

179 2170 308 2227 testatur
329 2167 468 2245 iuratque
491 2167 550 2228 sibi
573 2167 697 2245 dampni
719 2167 858 2242 capitulis

180 2256 334 2315 advenisse
357 2257 485 2332 melum,
507 2257 614 2334 palpat
637 2256 814 2333 quaeritque
837 2253 961 2332 vegenti

180 2344 315 2420 occipitis
337 2363 478 2420 suprema
499 2364 591 2405 manu
615 2364 691 2422 quse
715 2346 810 2405 credit
833 2345 942 2404 abesse.
970 2367 971 2370 ¹

121 2445 160 2484 ²⁶⁵
178 2435 257 2492 hunc
280 2435 307 2493 si
329 2433 490 2509 corripiens
513 2436 636 2495 monitis
660 2436 826 2512 astringere
849 2436 990 2511 tempteS,

178 2523 311 2583 invenies
335 2522 435 2610 animo
458 2523 546 2583 factis
569 2543 704 2583 sermone
726 2524 875 2584 rebellem.

178 2615 209 2671 in
233 2631 369 2672 venerem
394 2614 477 2692 viget
501 2613 636 2690 effectus,
660 2614 768 2672 levites
791 2614 866 2672 facit
885 2615 967 2672 artus

250 2770 300 2819 231
325 2766 486 2820 coniectans
511 2767 539 2820 b:
565 2767 725 2820 fomentans
747 2784 774 2821 m
798 2766 809 2838 ll
833 2771 885 2820 232
909 2765 1001 2820 mollis
1025 2765 1135 2835 pulsus:
1158 2769 1189 2833 of.

178 2837 276 2891 Barth.
296 2838 327 2890 to
346 2837 375 2893 O.
391 2837 418 2893 S.
433 2839 477 2905 II,
492 2842 545 2892 126
563 2841 599 2905 (o.
614 2841 633 2892 2
651 2839 685 2892 ab
703 2839 755 2906 inf.
775 2856 810 2893 m.
825 2864 852 2884 =
866 2839 920 2906 IV,
934 2841 999 2906 376)
1018 2837 1028 2910 ll
1047 2842 1098 2891 233
1117 2840 1190 2893 verni

178 2909 205 2960 b:
225 2908 304 2961 nervi
321 2925 349 2961 m
370 2907 380 2978 ll
403 2913 455 2962 233
473 2911 547 2964 rubr.
569 2908 656 2979 Signo
680 2909 704 2963 si
727 2910 784 2964 sint
806 2927 841 2964 ex
864 2909 956 2966 colora
976 2909 1072 2964 mania
1091 2911 1120 2962 et
1137 2928 1189 2965 me-

177 2977 300 3033 lancolia
314 2980 338 3045 3,
359 2977 389 3032 si
405 2980 497 3034 colera
515 2981 553 3035 sit
570 2988 643 3035 mei.
663 2982 745 3051 signa
759 2981 824 3035 XVI
839 2999 866 3036 m
881 2983 886 3050 Ι
902 2982 932 3036 in
951 2987 984 3036 ca
1003 2987 1018 3034 e
1036 2999 1075 3035 m:
1094 2993 1112 3064 j
1130 2989 1142 3035 i
1159 2988 1189 3036 cs

178 3053 193 3104 3
210 3053 213 3119 Ι
230 3051 271 3104 ire
290 3051 319 3104 b:
338 3049 387 3104 ille
406 3052 517 3120 potiens
533 3054 582 3122 (sic
600 3053 674 3118 acu,
694 3054 774 3122 quasi
792 3070 825 3107 ox
842 3056 940 3122 marg.)
954 3070 981 3106 m
999 3051 1009 3124 ll
1028 3057 1079 3106 237
1094 3053 1189 3123 implet

178 3141 203 3176 m
220 3120 302 3192 (rplet
320 3122 346 3189 3)
363 3120 374 3193 ΙΙ
393 3127 444 3176 238
461 3123 507 3178 hic
525 3143 564 3178 m:
583 3123 639 3178 hiis
659 3125 682 3178 3.
715 3123 750 3190 cf.
766 3126 806 3178 Io.
823 3122 943 3188 Quidam
961 3123 1117 3177 extendunt
1134 3125 1187 3179 eles

176 3196 209 3248 ut
228 3195 343 3248 cantent
356 3193 484 3248 ridentes
503 3195 610 3264 gallum
630 3197 745 3250 cantare
759 3197 825 3266 <ooo
839 3195 924 3262 Plat.)
938 3194 947 3266 ll
961 3199 1013 3248 240
1028 3196 1187 3250 concuciens

178 3283 215 3319 m:
235 3263 405 3320 concludens
420 3267 435 3320 3
453 3263 463 3337 ll
482 3271 533 3320 243
549 3266 695 3335 sepelitur:
714 3266 749 3333 cf.
768 3283 792 3319 o.
804 3269 858 3321 793
874 3265 884 3336 Η
903 3271 955 3319 244
969 3265 1040 3320 latet
1054 3267 1082 3320 b:
1101 3265 1186 3323 latens

178 3354 203 3389 m
220 3335 231 3407 ll
249 3341 300 3390 233
316 3336 400 3405 ᾷτίὺᾳς
419 3355 458 3391 m:
477 3342 560 3404 quoq,
580 3337 623 3409 313
641 3342 693 3390 233
708 3336 842 3404 corripies
859 3338 875 3390 3
891 3341 895 3403 Ι
912 3337 1066 3405 astringere
1084 3355 1122 3392 m:
1142 3339 1186 3394 ub-

177 3442 314 3565 εὴίηςῗὲο
333 3443 350 3564 ἒ
367 3441 377 3512 ll
396 3447 446 3495 236
466 3441 570 3494 rebelle
587 3444 602 3494 3
620 3443 629 3513 l!
649 3447 698 3495 237
718 3441 748 3494 in
766 3443 841 3496 vaire
861 3445 884 3509 b,
903 3444 933 3495 in
946 3432 1037 3496 vetlem
1051 3461 1077 3497 m
1094 3447 1097 3516 Ι
1114 3447 1184 3499 artus

176 3529 215 3565 m:
236 3527 269 3565 ac
302 3529 315 3564 s
