2604 3900
166 161 210 226 80
618 160 732 214 EGIDII

166 311 263 383 tactu,
287 326 364 385 quae
387 308 525 368 manibus
548 309 654 370 fundit·
671 312 796 388 palpata
817 314 944 371 morosis

167 399 297 473 fumum,
320 400 469 474 postremo
493 399 545 474 qui
568 399 707 460 libertate
730 404 846 461 meatus

167 505 307 570 concessa
329 487 430 547 claudi
452 487 553 546 renuit
575 491 716 566 purisque
738 490 862 549 reclusis

167 577 301 651 exhalat,
324 576 436 654 digitos
459 596 548 638 urens
571 578 704 638 fervente
727 597 846 655 vapore.

96 686 150 727 1eso
240 666 311 725 Tres
335 667 476 725 ethicae
499 669 611 743 species
635 668 806 746 distingunt
829 669 924 746 signa.
971 670 1095 729 notatur

167 756 266 831 prima
289 756 386 814 calore
410 755 509 815 cibum
532 758 685 831 sumptum
707 757 842 818 breviore
865 762 1020 834 sequente,

168 846 295 920 occupat
316 844 422 903 urinae
444 847 562 920 partem
584 845 734 924 pinguedo
758 865 927 922 supremam

168 932 365 1010 praetendens
388 935 447 993 olei
470 933 606 994 formam.
651 937 723 994 sunt
744 936 830 1014 signa
853 936 999 996 secundae

98 1043 100 1046 ·
168 1023 269 1082 frufur
290 1023 322 1081 in
345 1023 434 1083 urina
457 1024 601 1098 volitans,
623 1024 815 1102 pinguedinis
837 1026 934 1085 instar

97 1131 149 1172 rese
169 1116 224 1173 aut
246 1112 305 1172 olei
327 1131 398 1188 pars
421 1131 540 1171 summa
561 1113 688 1188 micans,
711 1114 810 1174 minor
830 1114 940 1190 inpetit
963 1117 1047 1175 artus

169 1202 258 1260 ardor
280 1202 381 1261 ieiuno
405 1203 572 1278 stomacho,
595 1203 650 1279 qni
672 1203 764 1262 sumit
787 1202 825 1263 ab
848 1221 916 1263 esea

168 1289 307 1350 laedendi
330 1290 495 1352 stimulum.
541 1293 654 1367 species
678 1296 830 1368 postrema
852 1293 987 1371 flagellat

169 1381 302 1440 officiens
324 1380 464 1440 membris
487 1381 656 1457 aequaliter
678 1381 814 1442 omnibus
836 1382 932 1456 horis,
1017 1388 1019 1392 '

169 1469 297 1529 fundum
320 1469 434 1528 orimua
456 1472 560 1529 tenent
581 1472 700 1545 urinae,
724 1472 809 1530 cuine
833 1472 930 1531 olivae

99 1576 152 1616 reso
169 1557 340 1634 praetendit
362 1577 485 1634 prorsus
509 1559 678 1620 substantia
701 1562 796 1636 spissa
818 1560 978 1637 liquorem,

170 1667 229 1708 non
252 1648 363 1707 residet
385 1648 505 1708 sublata
528 1650 606 1708 eutis
629 1649 681 1708 sed
703 1652 802 1709 tracta
824 1668 951 1727 superne

169 1737 201 1794 in
225 1737 292 1796 coni
316 1738 444 1812 speciem
467 1737 562 1796 nescit
585 1757 728 1814 suspensa
750 1738 861 1798 reverti

171 1826 209 1884 ad
232 1825 332 1884 sedem
355 1825 489 1900 solitam,
512 1826 615 1904 digitis
638 1827 699 1887 nisi
720 1846 823 1904 pressa
845 1828 982 1888 deorsum

169 1915 316 1974 mittatur.
364 1914 471 1975 Tribus
493 1917 567 1975 haec
590 1917 759 1976 communia
781 1919 852 1976 sunt
874 1917 1025 1993 speciebus

242 2179 313 2228 1946
335 2175 453 2228 morosis
479 2176 514 2228 bd
539 2177 557 2229 i.
580 2192 601 2229 e.
628 2175 745 2228 mironis
765 2202 792 2222 =
812 2176 1033 2242 immorantibus,
1064 2178 1148 2244 99991
1174 2195 1197 2232 α

170 2243 256 2300 meires.
297 2245 332 2311 ef.
353 2245 528 2300 0999919191.
548 2251 607 2313 7,1
629 2244 727 2299 Febris
751 2263 785 2301 ex
807 2246 917 2301 balneis
941 2263 1031 2315 aquae
1054 2247 1196 2315 stipticus

171 2319 200 2370 et
223 2316 412 2370 desiccatione
436 2319 528 2371 cutem
548 2316 689 2371 duriorem
708 2320 737 2371 eb
755 2319 899 2373 sicciorem
918 2318 1013 2372 reddit
1031 2334 1115 2386 qnam
1137 2319 1196 2373 illa

171 2387 316 2457 ephimera
341 2403 414 2455 quae
439 2404 474 2442 ex
499 2388 657 2457 frigiditate
682 2389 776 2443 fuerit.
813 2406 886 2457 quae
912 2390 985 2444 cutis
1009 2390 1033 2444 si
1057 2390 1194 2444 manibus

170 2460 320 2529 tangatur,
345 2461 464 2526 apparet
487 2461 569 2526 quasi
592 2460 687 2513 infusa
708 2460 875 2528 aliquandiu
893 2461 923 2515 in
942 2461 1101 2531 gallaeum
1119 2461 1194 2516 mali

171 2531 285 2599 granati
299 2527 458 2584 corticibus.
484 2548 547 2584 cum
562 2535 656 2586 autem
670 2547 770 2585 manus
784 2533 814 2586 in
831 2532 899 2586 loeis
918 2533 1117 2587 immoretur
1136 2532 1193 2586 ali-

172 2601 287 2670 quibus,
311 2617 384 2669 quae
408 2617 442 2654 ex
464 2600 645 2671 impositione
668 2618 768 2657 manus
791 2604 880 2672 ipsius
899 2604 1044 2669 calefiunt,
1069 2604 1194 2658 sentitur

172 2673 265 2726 fumus
280 2673 375 2728 exiens
392 2689 409 2725 a
426 2689 541 2741 corpore
555 2678 654 2728 acutus
672 2674 746 2743 (Gal.
761 2676 799 2730 ad
815 2675 859 2730 Gt.
875 2676 931 2742 XI,
945 2677 989 2743 13)
1007 2675 1017 2746 (1
1036 2679 1104 2728 1948
1123 2691 1191 2730 aon·

172 2760 250 2798 cessa
269 2746 297 2799 b:
318 2761 381 2798 cum
401 2746 493 2798 cessat
506 2745 525 2797 d
541 2746 545 2811 Ι
561 2746 638 2813 poris
652 2747 734 2814 (pois)
750 2747 778 2800 b:
793 2747 915 2814 portisd
933 2746 943 2818 )(
962 2751 1030 2801 1949
1045 2745 1139 2802 exalat
1154 2748 1193 2802 bd

245 2820 314 2869 1950
332 2817 408 2872 rubr.
428 2815 469 2869 De
491 2815 586 2870 ethice
604 2819 620 2870 b
641 2820 645 2882 Ι
665 2820 734 2872 tres:
754 2819 789 2885 of.
809 2819 894 2872 tertia
912 2819 970 2872 sive
989 2817 1112 2872 secunda
1130 2825 1191 2874 unt.

171 2890 198 2951 2,
208 2890 269 2940 553.
301 2888 387 2942 tertia
400 2904 442 2942 wr.
452 2891 506 2944 285
521 2894 568 2942 etr.
585 2890 590 2956 Ι
607 2888 727 2960 distigut
736 2892 795 2959 (sic)
807 2890 823 2944 b
836 2889 846 2961 ll
861 2894 928 2943 1951
940 2889 1034 2944 cibum
1046 2891 1192 2956 sumptum

173 2957 308 3026 d:s1'1ptu
330 2958 395 3013 cibr'r
419 2960 434 3012 b
456 2959 466 3031 (1
491 2963 559 3014 1959
584 2976 742 3027 supremam
760 2961 845 3016 Dar:
865 2960 919 3014 -da
942 2961 978 3016 bd
1000 2960 1010 3033 )(
1033 2965 1101 3015 1955
1124 2977 1192 3028 pars

173 3079 282 3116 summa
300 3081 346 3129 m.,
372 3064 464 3119 minor
482 3067 512 3120 d:
538 3081 669 3135 suprema
687 3066 795 3121 micans
815 3067 897 3126 nitor.
917 3069 933 3121 b
956 3067 966 3152 d
990 3071 1057 3121 1956
1077 3065 1126 3134 qui
1151 3045 1192 3137 ((1)

173 3135 201 3190 b:
228 3151 282 3203 que
308 3136 327 3191 d
350 3135 361 3208 1)
387 3141 455 3192 1959
481 3137 588 3191 crimna
610 3139 683 3194 Dur.
707 3141 756 3207 qui
780 3138 886 3203 confert
908 3138 992 3210 Eqad.
1016 3139 1049 3193 dc
1074 3155 1116 3192 ar.
1135 3142 1194 3195 285

174 3207 330 3261 crimnodes
356 3209 439 3276 (quod
466 3225 500 3263 ea
528 3211 675 3278 Tbeopbilo
702 3212 769 3264 91191
796 3212 877 3264 etium
903 3211 1063 3266 Plutearius
1090 3209 1125 3277 ef.
1148 3212 1192 3265 Io.

173 3278 315 3332 interdum
334 3278 518 3334 resolutiones
540 3281 645 3334 similes
664 3281 767 3349 petalis
791 3282 842 3334 aut
864 3280 1018 3335 furfuribus
1043 3283 1093 3334 aut
1118 3281 1193 3335 orin-

174 3384 217 3437 nis
236 3386 446 3453 9191199199.)
467 3387 545 3440 crina
565 3390 596 3455 (9)
616 3388 643 3453 d,
663 3375 746 3441 cirins
761 3405 814 3456 pro
833 3375 915 3441 cilina
939 3389 962 3442 b.
995 3388 1031 3456 cf.
1050 3388 1146 3444 Simon
1171 3407 1194 3444 s.

173 3456 319 3525 bryuoidcs
345 3457 394 3526 (ad
419 3457 534 3510 modum
559 3459 641 3511 larris
665 3460 750 3527 Piae.)
775 3461 780 3527 Ι
804 3461 883 3513 tenet
909 3460 924 3513 b
951 3460 961 3532 ))
988 3465 1057 3514 1964
1085 3465 1146 3513 uma
1178 3463 1195 3515 b

175 3527 282 3594 (Plot.):
303 3527 397 3582 omnia
416 3530 482 3597 (oia)
501 3529 520 3581 (1
