2584 3900
162 161 226 216 XIV

163 311 314 373 interdum
344 306 525 371 ‘sentcntiae
554 305 789 388 supersedendo'
819 304 871 393 (cf.
890 313 910 372 l.
930 330 1022 391 supra
1046 331 1068 372 c.
1089 314 1116 372 Ι)
1138 314 1184 374 8b

164 406 194 462 et
212 421 316 462 comm.
330 398 447 478 puls0
468 393 600 478 ‘da-b),
623 399 706 460 Petri
726 395 799 476 ‘quo
817 403 973 477 tamquam
993 399 1054 464 sole
1072 401 1186 462 nitenti

164 494 194 550 et
222 492 300 550 nitet
330 492 360 549 et
393 489 486 549 nituit
517 489 645 550 illustris
680 490 762 548 fama
790 485 923 550 Salerni'
960 485 1036 573 (ant.
1062 495 1091 568 1,
1115 485 1186 573 91).

163 581 243 638 hunc
277 579 371 658 igitur
400 580 521 638 Petrum
551 578 654 657 Egidii
689 573 807 638 ‘Musa'
843 579 974 639 medicae
1006 581 1186 658 disciplinae
1246 612 1251 619 ¹

163 669 276 728 fontem
311 669 384 728 colit
419 664 644 728 ‘Musandini
679 668 844 728 fluminis
874 664 988 728 undas'
1020 663 1079 751 (ur.
1102 665 1185 752 341)

162 760 327 818 revolvens.

234 847 348 907 Eadem
383 850 482 906 antem
511 845 600 906 Musa
634 846 666 905 in
700 847 843 906 sermonis
879 847 997 907 cultura
1025 847 1186 908 manantia

163 936 263 996 reddit
285 931 373 1018 (viat.
393 929 495 1016 2347)
516 930 677 994 ‘fluenta
695 936 809 995 fontis
829 931 1062 1012 Adamatici',
1084 937 1186 997 idest

164 1027 275 1085 artium
297 1024 436 1103 magistri
454 1024 583 1083 Adami
601 1024 642 1082 de
663 1023 894 1101 Parvoponte
913 1025 1005 1103 logici
1024 1018 1187 1107 (Haurdau

162 1116 241 1174 Hist.
257 1113 292 1173 de
315 1114 346 1172 la
363 1115 436 1190 phil.
451 1115 522 1174 scol.
537 1114 566 1188 Ι,
585 1105 675 1193 421).
706 1133 778 1172 nam
796 1114 904 1191 etipse
919 1114 1045 1192 Egidius
1063 1116 1185 1175 scholae

162 1204 406 1281 Parvipontanae
421 1202 571 1279 quondam
586 1221 616 1262 se
638 1197 837 1262 ‘columnam'
856 1203 948 1263 fuisse
960 1201 1069 1280 innuit,
1086 1204 1119 1263 id
1138 1208 1186 1265 est

164 1293 357 1369 discipulum,
381 1296 450 1353 ante
469 1293 531 1352 scil.
551 1311 663 1351 annum
684 1293 768 1352 1175
789 1295 819 1351 st
840 1293 972 1352 reditum
989 1293 1021 1352 in
1039 1292 1186 1372 Angliam

163 1381 302 1460 magistri
329 1381 463 1460 Anglici‚
498 1381 577 1442 sicut
603 1380 773 1441 Alexander
804 1380 938 1441 Necham
969 1376 1019 1464 (·-,
1036 1382 1187 1443 Newham

162 1472 240 1531 Rose
269 1471 380 1531 Anecd.
394 1470 419 1545 Ι,
439 1467 495 1550 95)
525 1472 579 1547 qui
606 1469 730 1530 Parisiis
755 1465 901 1530 ‘modici
924 1473 1047 1548 pontis
1069 1492 1187 1548 parva

164 1561 330 1620 columna
360 1555 430 1619 fui'
465 1553 516 1641 (de
546 1559 628 1618 laud.
655 1578 718 1636 sap.
739 1560 780 1634 X,
801 1561 863 1618 322
895 1581 923 1637 p.
946 1562 1009 1620 503
1035 1555 1186 1644 Wright).

163 1668 251 1726 pons
276 1649 355 1707 enim
377 1668 510 1726 parvus
533 1641 603 1730 (qui
619 1649 708 1707 hodie
728 1667 846 1725 quoqne
865 1649 948 1708 Petit
964 1643 1053 1731 pont)
1072 1650 1186 1711 ducens
1285 1709 1286 1726 ,

163 1758 216 1816 per
239 1738 384 1813 insulam,
413 1757 480 1797 cum
503 1739 562 1796 duo
584 1741 704 1797 tantum
725 1740 832 1814 pontes
856 1740 1029 1813 existerent,
1058 1738 1188 1817 obliqua
1285 1791 1286 1824 ,

163 1830 214 1888 via
242 1828 281 1886 ad
311 1829 455 1904 pontem
485 1845 650 1905 magnum
679 1829 751 1886 tunc
774 1826 927 1903 lapideum
950 1827 1186 1890 cambiatoribus
1285 1835 1286 1852 ³

164 1913 258 1998 (Pont
272 1936 312 1975 au
327 1909 456 1998 change)
470 1934 497 1975 a.
508 1917 590 1974 1141
609 1914 792 1976 destinatum
806 1936 824 1976 a
838 1915 990 1977 liudovico
1004 1911 1186 1999 regeVH¹)‚

164 2007 333 2082 antiquitus
362 2006 515 2066 dedicatus
541 2004 605 2081 ipse
630 2007 694 2064 erat
722 2000 963 2082 ‘disputantibus
987 2001 1118 2084 logicis'‚
1148 2010 1187 2066 ut
1285 2039 1286 2042 ¹

163 2098 376 2156 commemorat
399 2093 497 2155 Guido
526 2094 562 2153 de
587 2093 730 2154 Bazochis
759 2093 892 2153 eiusdem
920 2095 986 2155 aevi
1014 2094 1186 2155 duodecimi

164 2177 286 2260 testis.²)
324 2179 448 2244 ‘aeneae
479 2178 650 2244 columnas'
677 2185 799 2243 fuerunt
822 2183 974 2260 discipuli,
1005 2183 1059 2260 qni
1090 2177 1187 2266 (sicut

237 2321 263 2387 1)
282 2318 338 2371 vid.
353 2316 451 2371 Jaillot
466 2318 551 2371 Recb.
567 2318 627 2371 crit.
644 2333 691 2370 sur
709 2318 738 2371 la
755 2317 822 2372 ville
846 2318 881 2371 de
899 2318 979 2372 Paris
998 2325 1066 2372 1192
1085 2318 1106 2386 Ι,
1122 2325 1184 2374 101.

166 2394 226 2455 111,
251 2389 286 2443 cf.
306 2391 403 2443 tamen
425 2388 503 2442 Jules
527 2387 629 2443 Consin
652 2389 692 2441 La
716 2389 771 2443 cite
793 2389 824 2442 in
847 2389 915 2445 fasc.
935 2389 974 2444 IV
996 2408 1024 2458 p.
1041 2397 1065 2444 1.
1086 2396 1129 2445 34.
1148 2396 1185 2446 31

165 2459 257 2530 operis
283 2459 450 2514 collectanei
479 2459 558 2513 Paris
584 2461 602 2513 a
626 2461 733 2514 travers
764 2460 806 2513 les
832 2463 898 2530 ages
924 2463 943 2515 t.
963 2461 977 2515 I
1000 2461 1079 2516 Paris
1103 2467 1185 2530 1883,

164 2531 269 2585 Ioanne
292 2531 365 2586 Dict.
382 2533 476 2601 geogr.
492 2531 527 2585 de
552 2530 582 2584 la
607 2531 714 2585 Franco
739 2533 758 2585 t.
774 2530 800 2584 V
824 2531 904 2586 Paris
930 2537 998 2587 1899
1024 2552 1051 2603 p.
1071 2535 1184 2600 casalo.

164 2603 328 2658 recentioris
362 2603 464 2656 deinde
495 2603 709 2657 constructionis
738 2605 819 2657 erant
847 2603 937 2657 alter
964 2620 1034 2673 pons
1062 2621 1185 2674 magnus

166 2676 203 2744 (=
216 2674 289 2729 Pont
307 2674 492 2729 Notredame:
513 2673 562 2726 ‘ad
583 2674 745 2728 cathedram
768 2674 882 2728 maioris
905 2676 1013 2744 pontis’
1035 2674 1186 2730 docentem

166 2746 246 2800 novit
263 2745 403 2799 Adamnm
423 2744 563 2813 quendem
582 2745 720 2800 iuniorem
738 2746 856 2815 Egidius
875 2745 938 2800 Par.
954 2747 986 2800 in
999 2746 1134 2802 Karolino
1148 2747 1185 2816 V,

165 2822 216 2870 101
232 2817 267 2871 cf.
282 2817 404 2870 Bulaeus
423 2816 532 2882 Π,143.
549 2819 611 2884 111)
632 2818 661 2870 01
679 2817 768 2872 alter
786 2820 886 2885 postea
905 2820 1012 2887 (novus)
1027 2833 1098 2887 pons
1117 2835 1183 2888 par·

164 2906 215 2941 vus
240 2892 275 2957 (=
290 2888 363 2943 Pont
386 2887 425 2942 St.
440 2887 563 2956 Michel).
599 2889 722 2942 ceterum
745 2892 917 2942 memoratur
940 2889 1025 2943 etiam
1044 2890 1185 2944 lohannes

165 2959 282 3027 quidam
297 2959 332 3013 de
341 2958 429 3013 Ponte
443 2974 530 3026 parvo
545 2959 644 3014 doctor
656 2959 822 3014 Parisiensis
837 2961 867 3014 in
881 2960 1015 3015 Karolino
1031 2963 1065 3031 (c.
1076 2977 1100 3014 a.
1114 2966 1184 3015 1200

165 3031 243 3085 edito
262 3030 296 3096 V,
312 3033 374 3098 613)
394 3048 418 3083 v.
434 3035 485 3084 109
506 3034 605 3100 (aeque
623 3031 756 3100 ignotus).

238 3103 263 3170 2)
283 3100 391 3155 Denifle
416 3099 510 3156 Chart.
529 3102 603 3156 univ.
623 3101 711 3157 Paris.
730 3102 743 3156 1
761 3119 789 3171 p.
804 3107 838 3156 18
858 3102 1095 3158 cf.Wattenbach
1116 3103 1182 3158 Sita.

165 3173 226 3227 Ber.
243 3172 293 3228 der
311 3172 383 3227 Berl.
398 3171 490 3226 Akad.
506 3177 576 3226 1890
594 3171 633 3226 IX
651 3191 679 3242 p.
695 3179 755 3227 164.
791 3174 863 3228 sicut
886 3177 986 3244 postea
1010 3177 1092 3245 (saec.
1107 3173 1183 3245 XIV)

166 3244 253 3300 ctiam
279 3245 321 3299 ‘in
346 3243 408 3298 vico
433 3243 509 3298 ultra
533 3243 654 3298 Pomm
678 3247 794 3313 pontem
818 3247 917 3300 vocato
944 3245 1046 3316 gallice
1071 3262 1121 3300 rue
1148 3245 1183 3300 de

165 3316 281 3371 Fenrre’
297 3316 429 3386 (Ilouarre
439 3347 473 3356 —
482 3315 560 3369 vicus
582 3316 725 3370 straminis
744 3315 852 3370 Deniflc
867 3315 961 3372 (thart.
974 3317 1013 3371 111
1027 3336 1054 3386 p.
1066 3322 1108 3372 13.
1120 3319 1181 3386 210)

166 3387 273 3442 ‘scolae
292 3388 456 3442 existentes'
471 3386 617 3441 facultatis
632 3387 749 3442 artium:
769 3386 803 3441 cf.
820 3386 930 3442 Crevier
948 3388 1021 3444 Hist.
1037 3389 1072 3443 de
1086 3388 1181 3443 l‘univ.

167 3459 202 3514 de
220 3459 300 3514 Paris
316 3465 384 3514 1101
404 3459 425 3526 Ι,
441 3465 500 3513 112.
529 3457 638 3513 Thmot
660 3457 702 3512 Dc
720 3458 935 3528 l'organisalion
959 3459 994 3515 de
1016 3459 1182 3530 l'enseigne·

166 3533 245 3587 ment
263 3531 332 3586 dans
351 3531 446 3585 l'univ.
463 3530 498 3584 de
516 3529 596 3583 Paris
617 3534 686 3583 1810
704 3547 731 3598 p.
744 3534 785 3583 10.
