2584 3900
1081 157 1170 212 xxm

261 297 463 451 {plusss'aequo
487 304 596 364 diffusa
619 324 707 365 suum
730 305 911 385 digressio
936 326 1055 367 cursum

291 411 344 451 ene
390 436 441 451 ...

153 482 187 540 in
210 480 295 542 arida
318 482 568 558 compositionum
590 483 773 544 medicorum
795 483 922 544 materia
951 486 1170 565 digressionum

153 571 263 630 talium
282 571 418 649 exempla
436 570 518 650 legas
536 573 623 632 haec:
642 573 687 632 De
705 573 854 634 medicina
872 575 986 652 duplici
1004 593 1170 653 pauperum

154 663 186 720 et
216 659 345 720 divitum
368 661 402 735 2,
423 661 584 721 68-123.
610 664 643 736 2,
669 664 844 722 739-810
872 658 924 744 (ci.
945 666 978 739 3,
999 666 1071 724 216.
1096 667 1169 725 237.

155 751 221 809 250
246 745 325 816 eici.
357 751 389 824 2,
414 751 522 808 5-22
555 743 606 832 (cf,
628 752 735 829 epilog.
759 753 778 813 l.
802 744 869 833 IV).
896 785 934 793 —
964 753 1008 812 ΒΘ
1036 753 1169 813 libidinis

153 837 359 899 vicissitudine
383 839 416 914 2,
442 841 626 900 167-179.
656 873 694 882 -
726 839 838 901 (iontra
859 843 1019 902 monachos
1042 843 1170 903 lascivos

155 931 185 1001 2,
205 928 390 988 aas-300.
405 960 445 968 -
462 928 506 986 De
525 947 611 988 sacra
629 929 765 990 doctrina
778 931 920 990 Falconis
940 933 969 1007 2,
984 933 1169 991 321-336.

155 1018 261 1076 —De
284 1016 332 1076 die
354 1017 473 1078 nouella
499 1016 531 1076 in
554 1018 627 1077 urbe
650 1018 785 1080 Parisius
810 1023 838 1095 2,
858 1022 1043 1080 494-500.
1064 1025 1103 1062 “--
1125 1022 1169 1081 ΒΘ

153 1107 454 1185 pharmacopolarum
485 1107 592 1166 fraude
623 1109 656 1184 2,
685 1109 878 1170 900-915.
909 1141 947 1151 -
978 1110 1022 1169 ΒΘ
1053 1112 1170 1170 ratione

153 1195 278 1255 Veneris
315 1197 345 1254 et
376 1199 482 1273 partus
514 1200 548 1272 3,
581 1198 770 1258 158-178.
805 1231 843 1240 -
879 1198 1019 1267 Quaestio
1056 1198 1170 1259 medica

155 1279 270 1366 (qualis
292 1287 328 1344 ut
351 1285 485 1362 suspicor
502 1285 627 1346 Ursonis
650 1286 688 1346 ef.
706 1286 799 1346 Renzi
823 1286 852 1347 (i.
874 1287 903 1348 S.
920 1289 946 1362 I,
966 1290 1030 1347 244
1054 1291 1084 1347 et
1107 1288 1169 1348 cod.

154 1375 255 1452 Ampl.
279 1395 326 1451 qu.
347 1375 420 1434 204.
445 1376 508 1434 215
534 1368 659 1454 Scirum)
686 1378 715 1451 3,
739 1377 933 1436 318-386.
963 1409 1001 1419 -
1034 1378 1079 1437 ΒΘ
1109 1380 1170 1437 situ

154 1465 296 1540 famaque
316 1461 433 1524 Salerni
448 1465 477 1540 3,
491 1465 678 1524 469-511.
696 1497 733 1506 -
754 1466 799 1525 ΒΘ
813 1467 907 1524 fratre
922 1466 1044 1525 Salerno
1063 1461 1101 1544 (s.
1118 1465 1169 1527 Sa-

154 1544 384 1634 lernitanorum)
406 1555 437 1612 et
454 1555 645 1631 generatione
663 1556 775 1630 henpae
794 1547 925 1636 (enpiae)
945 1559 974 1630 4,
995 1557 1168 1615 666-719

155 1635 207 1721 (cf.
226 1642 368 1702 Bernard.
386 1641 475 1702 Prov.
494 1643 532 1702 ad
555 1642 627 1702 Tab.
647 1643 765 1703 Salerni
784 1642 815 1703 0.
835 1643 864 1702 S.
874 1645 911 1720 V,
927 1637 1043 1726 289).)
1066 1677 1103 1686 -
1125 1647 1170 1704 ΒΘ

154 1731 299 1792 novitatis
331 1731 431 1810 gratia
461 1731 493 1790 in
525 1735 589 1792 arte
622 1732 761 1792 medendi
792 1736 827 1809 4,
861 1735 1083 1794 1218-1231
1119 1730 1171 1813 (of.

157 1821 229 1882 322.
256 1823 340 1880 1423
370 1815 503 1882 ‘novitas
531 1813 704 1900 gratissima
730 1817 869 1903 rerum').
895 1855 933 1865 -
959 1823 1004 1882 De
1032 1823 1170 1900 chirurgo

228 1957 253 2024 1)
272 1954 408 2009 Bernardi
428 1955 610 2010 Prouincialis
628 1956 714 2010 verba
734 1957 804 2011 haee
823 1959 888 2011 sunt
907 1955 946 2026 (0.
962 1957 988 2011 S.
1003 1956 1037 2023 V,
1052 1958 1115 2025 289)
1134 1956 1171 2010 ad

155 2043 230 2097 mag.
241 2026 350 2081 Salerni
359 2025 449 2080 tab.V
463 2027 514 2082 ool.
526 2032 542 2081 5
557 2030 596 2096 (p.
606 2031 669 2098 240)
680 2027 848 2097 ‘Atriplex
863 2029 894 2080 id
912 2031 955 2082 est
969 2027 1170 2094 crisolocanna,

154 2099 180 2155 si
204 2099 286 2155 detur
307 2098 420 2152 mulieri
441 2099 558 2167 gravide
580 2099 644 2167 ipsa
664 2099 765 2169 pariet.
802 2099 911 2153 frater
932 2098 1171 2153 Salernitano-

154 2186 227 2224 rum
246 2169 317 2224 sive
330 2169 598 2224 Lumbardorum
615 2171 664 2239 qui
678 2172 794 2225 vocatur
808 2170 897 2239 arpia,
916 2170 1020 2238 dequo
1035 2169 1170 2226 Girardus

155 2243 234 2295 sexto
252 2241 350 2295 viatici
374 2240 513 2310 capitulo'
531 2240 573 2311 (id
594 2244 637 2295 est
654 2241 806 2308 volumine)
824 2242 873 2294 ‘de
892 2242 1050 2311 egressione
1073 2258 1170 2296 secun-

156 2312 222 2366 dine
235 2311 352 2379 loquens
367 2312 402 2366 de
420 2313 473 2366 hoo
493 2312 576 2366 dioit'
591 2355 597 2366 .
610 2357 633 2368 ..
651 2311 876 2367 ‘Crisolooanna'
891 2315 934 2367 est
952 2312 1171 2384 χρυσολάχανον,

154 2383 231 2452 quod
249 2383 371 2437 occurrit
389 2383 419 2436 in
438 2383 619 2453 Geoponicis'
638 2383 707 2454 (XII,
723 2391 747 2451 1,
762 2385 801 2453 3),
821 2385 856 2438 de
875 2402 930 2453 quo
949 2385 990 2439 sic
1009 2385 1086 2454 apud
1104 2384 1171 2438 Dio-

155 2455 293 2510 scoridom
311 2454 345 2521 ΙΙ,
361 2460 412 2508 145
434 2453 614 2524 Hegelocho,
637 2455 664 2510 oi
685 2455 716 2510 dl
744 2455 954 2526 χρυσολάχανον
1025 2483 1052 2502 =
1066 2454 1170 2524 ἀνδρά-

155 2528 240 2595 φαξις
270 2526 347 2595 apud
371 2526 467 2596 Hipp,
495 2526 634 2597 Theophr.
656 2527 683 2582 h.
705 2526 744 2596 pl.
766 2528 801 2582 of.
824 2527 976 2582 Schneider
1005 2528 1042 2581 ad
1069 2526 1169 2595 Script.

154 2597 188 2652 R.
203 2597 282 2652 Rust.
297 2597 327 2652 in
345 2597 448 2652 indicis
468 2616 495 2667 p.
507 2603 567 2652 115.
596 2597 735 2652 Girardi
753 2597 830 2653 locus
850 2599 899 2668 qui
913 2616 930 2653 a
944 2597 1086 2652 Bernardo
1100 2597 1170 2652 cita-

154 2671 202 2723 tur
224 2670 264 2724 sic
287 2671 366 2724 extat
388 2669 419 2724 in
440 2669 501 2724 cod.
517 2669 646 2738 Amplon.
664 2670 712 2725 fol.
728 2675 780 2724 206
799 2671 925 2739 (membr.
945 2687 965 2723 s.
979 2667 1123 2741 XIIIJXIV
1139 2669 1170 2722 in

155 2741 235 2795 cuius
263 2740 282 2795 f.
306 2739 381 2795 1291)
408 2740 545 2810 ‘Explicit
568 2741 687 2796 viations
713 2758 777 2795 cum
802 2741 918 2812 glosulis
943 2747 1036 2794 mai-1
1060 2739 1171 2810 geraldi

155 2812 372 2880 bitturicensis')
398 2812 434 2867 ad
463 2828 524 2881 cap.
546 2813 595 2866 ‘de
622 2813 700 2867 exitu
727 2813 892 2866 secundino’
920 2811 973 2882 (ed.
1020 2831 1067 2883 pp.
1090 2812 1170 2866 Isaac

155 2884 244 2954 Lugd.
260 2888 328 2938 1515
344 2883 390 2952 VI,
406 2885 449 2952 17)
469 2884 488 2937 f.
505 2883 601 2937 1oob1
617 2885 813 2953 ‘Postquam
835 2883 958 2939 mulier
979 2883 1118 2954 peperit
1136 2899 1169 2940 rc.

156 2954 317 3024 Capitulum
335 2955 366 3008 id
386 2955 421 3009 de
439 2955 598 3024 egressione
617 2954 776 3009 secundine.
809 2956 932 3024 egressio
956 2959 1050 3010 autem
1074 2971 1091 3009 a
1112 2973 1170 3009 ma-

154 3026 226 3081 trice
240 3026 394 3080 secundina
407 3025 545 3080 retinetur
559 3026 616 3080 alia
630 3043 681 3096 per
695 3042 724 3081 se
743 3026 840 3093 solam,
855 3027 988 3094 quoniam
1003 3045 1066 3081 cum
1080 3027 1169 3081 multo

155 3098 294 3168 sanguine
316 3097 427 3152 sanioso
450 3114 507 3152 non
529 3097 631 3152 educto
657 3113 714 3165 qua
736 3099 848 3166 oportet
870 3098 995 3164 ducitur,
1022 3097 1080 3151 alia
1106 3114 1169 3151 cum

154 3169 273 3240 pecude.
301 3169 376 3237 quod
389 3185 475 3238 pecus
490 3168 568 3238 apud
581 3167 733 3251 lonbardos
745 3171 863 3253 vocatur
877 3170 964 3238 arpis.
988 3185 1078 3252 'pecus
1095 3169 1169 3222 enim

155 3240 1169 3380 sitistilaetitioaffltltttffltlttttliti-frti

154 3387 188 3438 ut
211 3386 277 3438 sunt
298 3383 418 3437 lobardi.
450 3385 493 3436 est
519 3385 614 3437 autem
638 3399 724 3451 pecus
751 3381 841 3436 simile
865 3383 965 3437 busoni
991 3385 1019 3436 et
1043 3382 1168 3450 appella

154 3453 576 3510 turfraterlobardorum.
609 3469 694 3523 saepe
712 3454 786 3508 enim
806 3452 919 3522 gemelli
937 3454 1098 3506 nascuntur.
1131 3453 1167 3504 ad

155 3527 333 3582 eductionem
352 3542 448 3581 eorum
466 3541 520 3593 que
539 3525 617 3579 dicta
635 3527 702 3579 sunt
719 3525 826 3580 valent’
