2604 3900
547 173 715 229 VIATIOUS

120 323 282 382 insinuent
303 323 424 401 linguae
447 324 544 384 esbus
567 342 670 401 sapor,
692 326 768 385 hora
789 326 943 405 flagellum

23 436 94 476 soro
121 430 208 471 nona
229 411 302 471 meli
323 431 485 488 renovans,
508 414 633 474 fervoris
656 416 796 492 praevius
820 417 917 495 algor,

123 500 291 561 consimilis
313 500 407 561 minio
430 503 498 562 faex
521 503 676 581 sanguinis
699 507 730 563 et
751 505 930 566 mediocrem

123 593 217 651 nacta
239 593 366 666 statum,
390 591 493 668 pulsus
516 593 603 652 velox
626 596 657 653 et
678 593 799 653 fortiter
820 595 949 671 instans,

122 679 275 758 prmitus,
298 679 425 740 reboans
447 681 548 741 erebro
572 683 700 742 turritus
722 681 754 740 in
779 703 857 744 aure.

124 788 262 830 escarum
285 769 401 846 sopitus
425 789 522 844 amor,
545 770 611 831 sitis
634 772 834 848 inmoderata,

29 877 99 923 sors
125 859 167 918 ad
189 859 286 920 noctis
308 858 438 919 mediam
461 861 600 920 stimulus
624 860 814 938 protenditur
836 863 949 923 horem.

199 946 303 1007 Febris
327 949 438 1009 acetcsi
460 948 517 1007 tibi
539 952 675 1026 praestat
696 950 845 1028 flegmatis
869 955 968 1012 ortum

125 1037 223 1114 copia.
260 1037 394 1097 membra
417 1039 529 1113 quatit,
554 1057 621 1098 cum
644 1042 816 1116 vespertina
838 1041 971 1102 laborem

125 1126 245 1187 emeriti
267 1127 339 1188 solis
362 1126 502 1186 membris
524 1127 624 1187 latura
647 1130 779 1207 quietem

125 1217 227 1294 caligo
249 1218 377 1291 resecat,
400 1220 431 1276 et
453 1216 619 1277 snbeitrina
641 1217 765 1278 remissa

34 1329 103 1370 soso
125 1305 255 1384 pallenti
278 1305 384 1365 similis
404 1305 595 1365 mediocriter
617 1310 775 1367 attenuata

125 1396 197 1454 faex
220 1395 330 1470 epatis,
353 1395 434 1454 calor
457 1395 591 1473 algorem
612 1396 711 1456 brevis
733 1397 953 1456 inmoderatum

126 1483 335 1560 subsequitur,
358 1483 491 1563 gratim
514 1485 646 1546 onerosis
670 1485 796 1545 artubus
818 1487 911 1547 infert

126 1573 301 1651 segnitiem,
324 1572 408 1633 cibus
430 1572 462 1631 in
485 1577 576 1652 gustu
599 1575 648 1634 vel
670 1577 759 1650 potus
783 1576 906 1651 acescit,

127 1661 235 1722 debilis
259 1664 289 1720 et
312 1663 411 1739 segnis
434 1665 480 1722 est
502 1663 620 1739 pulsus,
646 1665 677 1722 in
700 1667 785 1742 parte
810 1664 932 1726 sinistra

37 1771 106 1815 soso
126 1751 334 1830 pneumatosis
355 1750 453 1812 maior
476 1752 634 1829 stomachi,
658 1753 786 1832 digestio
809 1755 913 1829 cruda,

126 1860 201 1902 rara
222 1839 302 1915 sitis,
325 1843 429 1900 ructus
452 1859 548 1917 acres,
571 1843 621 1902 vix
643 1841 745 1903 debita
769 1843 859 1903 solvit

125 1931 246 2005 venter,
269 1929 429 1990 sumendae
454 1930 539 2006 dapis
563 1934 608 1990 est
631 1933 742 1992 effrena
760 1933 909 1992 voluntas.

201 2018 364 2098 Flegmatis
387 2019 509 2079 effectus
532 2021 620 2079 vitrei
642 2023 725 2095 sunt,
748 2021 859 2096 inpetit
881 2025 963 2082 artus

125 2109 260 2168 insultus
281 2108 379 2186 primo
402 2109 571 2169 vehementi
592 2109 717 2187 frigore,
740 2111 815 2169 lenti

41 2219 106 2260 soso
126 2197 293 2276 frigdorem
317 2196 453 2274 sequitur
475 2198 600 2259 fervoris
623 2198 745 2259 flamma
766 2202 933 2275 tepescens,

126 2288 236 2366 pulsus
258 2288 290 2346 in
312 2287 429 2347 insultu
452 2287 549 2348 brevis
574 2290 673 2347 estet
696 2288 815 2363 debilis,
838 2287 919 2350 horis

126 2376 283 2438 nocturnis
305 2378 432 2437 renovet
454 2377 546 2436 febris
569 2377 688 2437 exitiale
711 2377 864 2455 periclum.

127 2465 257 2544 limpida
279 2465 449 2543 resplendet
471 2466 574 2527 albens
596 2468 696 2543 urina,
720 2467 845 2546 globosa

204 2658 272 2709 2011
292 2655 379 2709 minio
398 2655 428 2709 d:
448 2656 546 2709 lrcimo
561 2657 620 2724 (sic)
635 2656 651 2709 b
666 2655 758 2726 (urina
771 2655 834 2710 rufo
846 2655 891 2712 vel
910 2655 1026 2709 subrufa
1039 2656 1125 2725 Pur.)
1141 2656 1144 2728 ι

127 2724 302 2780 mediocrem
321 2727 351 2780 d:
371 2726 441 2780 -oris
461 2728 476 2780 b
495 2726 685 2796 (mediocriter
702 2728 795 2782 tennis
814 2730 843 2782 et
861 2727 1039 2781 mediocriter
1057 2727 1148 2798 spissa

130 2797 207 2854 Plct.
226 2798 260 2864 cs.
276 2798 327 2867 Io.)
346 2797 355 2881 ιι
374 2803 443 2851 2012
463 2798 573 2867 pulsus:
591 2799 627 2864 cf.
642 2801 682 2854 Io.
697 2798 810 2866 pulsum
827 2798 951 2852 velocem
970 2801 999 2853 et
1018 2799 1147 2868 spissum,

129 2867 209 2923 sitim
228 2870 258 2922 et
275 2884 403 2922 noueram
479 2868 489 2941 ιι
508 2875 577 2923 2010
596 2868 715 2923 reboans
734 2871 764 2924 d:
783 2869 883 2923 rubrds
902 2871 917 2924 b

204 2945 274 2994 2016
292 2941 367 2996 rubr.
388 2939 429 2994 De
453 2940 610 2995 cottidiana
631 2957 665 2994 ex
687 2941 818 3010 flegmate
842 2943 954 2995 acetoso
978 2941 994 2996 0
1015 2943 1019 3009 Ι
1039 2944 1149 3012 prestet

131 3012 217 3081 (prat)
237 3012 253 3066 0
272 3013 376 3081 (·stant
394 3014 423 3081 d)
444 3014 448 3081 ι
468 3014 532 3067 oren
551 3013 578 3066 b:
599 3013 654 3066 orti
672 3012 692 3066 d
713 3011 723 3083 ιι
746 3016 816 3066 2018
835 3013 958 3068 emeriti:
978 3011 1148 3079 emerituri,

132 3101 229 3172 entes
248 3118 264 3172 c
283 3118 294 3190 ιι
312 3123 381 3172 sore
401 3122 509 3173 reseas
527 3119 569 3173 ce.
603 3120 637 3186 es.
653 3119 727 3174 Pras.
747 3119 777 3172 in
796 3135 856 3174 sero
876 3119 978 3189 incipit
996 3119 1121 3190 effligere
1139 3118 1149 3190 ιι

131 3194 203 3244 2022
222 3189 366 3244 honerosis
385 3189 429 3316 οιι
447 3195 517 3243 2024
536 3192 591 3244 est:
610 3191 651 3245 sic
669 3191 704 3245 db
720 3192 725 3258 ι
741 3190 771 3243 in
790 3191 818 3245 b:
838 3207 888 3246 om.
908 3192 926 3246 d
943 3190 954 3262 ιι
972 3196 1042 3245 2026
1062 3206 1148 3259 pneu-

132 3260 217 3315 matis
236 3263 286 3316 est'
298 3278 334 3314 m.
354 3263 388 3331 (2)
443 3261 453 3334 ιι
474 3265 543 3315 2026
562 3262 662 3330 ruptus
682 3263 697 3316 0
718 3263 806 3330 (ratus
826 3268 838 3315 2
857 3261 885 3331 d)
906 3261 916 3334 ιι
937 3267 1005 3316 2027
1025 3262 1113 3330 dapes
1133 3261 1149 3317 0

205 3337 275 3386 2028
297 3333 373 3387 rubr.
396 3333 437 3388 De
461 3331 616 3387 cottidiana
639 3349 673 3387 ex
695 3331 827 3402 flegmate
845 3334 935 3388 vitreo
954 3335 970 3389 0
990 3335 995 3401 1
1016 3331 1083 3388 eff'c
1101 3333 1117 3386 b
1143 3333 1146 3405 ι

132 3403 200 3456 sunt
217 3403 246 3458 b:
266 3403 352 3457 febris
371 3404 391 3458 d
411 3403 422 3476 ιι
447 3408 516 3457 2029
535 3404 637 3457 insult⁹
655 3404 684 3459 b:
703 3407 752 3458 ·tu
771 3405 790 3459 d
806 3407 809 3474 ι
826 3405 930 3475 frigore
949 3406 1012 3473 (bob)
1032 3405 1060 3459 b:
1080 3403 1149 3474 frig-

131 3473 200 3528 dore
219 3476 309 3544 (mole)
332 3475 351 3529 d
373 3475 383 3546 ιι
406 3479 475 3528 2000
499 3474 651 3544 frigdorem
670 3475 700 3530 d:
720 3492 766 3530 ·re
790 3477 805 3531 b
828 3475 838 3547 ιι
861 3481 930 3530 2020
949 3476 984 3543 of.
999 3477 1099 3532 Barth.
1118 3477 1150 3531 irs

133 3546 201 3601 (loll.
216 3545 274 3602 Sol.
289 3547 332 3613 11,
346 3549 399 3601 751
418 3549 517 3614 (praet.
532 3546 562 3601 O.
577 3545 605 3600 S.
620 3547 674 3614 IV,
688 3550 756 3615 342)

954 3651 989 3706 6.
