2604 3900
229 160 450 218 BREVIARIUS
468 162 644 219 IOHANNIS
663 165 712 219 ΒΕ
732 165 872 222 SANOTO
891 165 1011 221 PAULO
1078 167 1141 233 105

88 302 143 357 De
164 303 253 360 dolore
272 305 372 374 epatis.
633 306 676 361 ΒΘ
694 307 761 376 pilis
780 310 810 362 et
826 307 989 362 furfuribus.

89 374 143 428 ΒΘ
163 378 333 445 apostemate
351 377 451 446 spatis.
633 377 676 433 ΒΘ
693 377 796 448 lapide.

90 445 143 500 ΒΘ
162 447 309 517 ydropicis.
633 449 675 505 ΒΘ
694 450 841 520 sanguinis
859 451 976 506 minctu.

90 516 142 572 De
161 519 300 587 yctericia.
633 521 676 576 ΒΘ
693 521 814 576 diabete.

90 587 142 642 De
162 589 329 658 spleneticis.
634 592 675 647 De
695 593 873 663 stranguiria.

90 659 143 714 ΒΘ
157 663 329 730 apostemate
343 664 372 716 et
379 661 495 717 vulnere
508 679 606 717 renum
634 663 675 718 ΒΘ
695 663 835 734 diampne.

135 734 166 786 et
181 733 280 788 vesice.

383 885 412 954 (f.
424 883 499 939 158b
519 882 682 955 Capitnla
699 884 783 940 libri
802 886 861 956 IV.)

91 988 349 1114 DeAEherefflffi
363 992 604 1047 ettumorcteati·
631 992 673 1047 De
697 996 870 1061 apostemate
894 994 923 1047 et
944 992 1059 1049 vulnere
1084 1012 1142 1048 ma-

181 1077 267 1115 crum.
667 1065 756 1119 tricis.

92 1131 140 1185 De
160 1132 242 1186 coitu.
632 1135 674 1190 Dc
693 1127 851 1190 sterilitate.

91 1203 138 1257 ΒΘ
158 1202 297 1272 mtyriasi.
633 1206 675 1261 ΒΘ
693 1206 904 1276 pregnantibus.

93 1274 139 1328 ΒΘ
158 1291 303 1344 gonorrea.
633 1277 675 1332 ΒΘ
698 1277 800 1332 aborsu
824 1281 853 1332 et
876 1276 987 1333 difficili
1007 1279 1091 1347 partu
1112 1281 1142 1333 et

93 1345 138 1400 ΒΘ
157 1346 359 1414 aproximeron.
670 1350 829 1403 secundina.

93 1416 138 1472 ΒΘ
156 1417 314 1472 retentione
332 1419 546 1473 menstruorum.
632 1419 675 1474 ΒΘ
693 1420 835 1474 mamillis.

93 1488 137 1543 ΒΘ
157 1487 233 1542 fluxu
251 1492 465 1544 menstruorum.
633 1490 675 1545 ΒΘ
695 1492 754 1546 scia
772 1492 801 1546 et
819 1492 945 1546 artetica.

93 1559 138 1614 ΒΘ
157 1576 270 1630 egressu
290 1560 427 1615 matricis.

167 1649 236 1718 (fisa)
257 1648 373 1717 Iamque
391 1651 500 1718 partem
519 1650 608 1704 nostri
626 1652 765 1720 propositi
784 1652 814 1706 iu
832 1653 896 1708 biis.
915 1651 975 1707 1111.
994 1653 1142 1722 particulis

95 1719 276 1790 explevimus.
314 1720 346 1774 Iu
367 1721 467 1804 quinta
487 1721 576 1805 igitur
597 1723 739 1806 porticula
761 1723 797 1778 de
820 1723 946 1808 febribus
968 1727 1140 1810 exeguimur.

95 1791 250 1846 secundum
269 1794 452 1846 auctoritates
475 1795 662 1861 antrquorum.
691 1795 843 1849 adruvante
865 1796 919 1849 dno
942 1814 993 1851 nro
1017 1810 1066 1852 mu
1080 1814 1141 1879 'xpo

95 1862 175 1917 cuius
198 1865 270 1917 nutu
291 1863 346 1917 hoc
369 1880 439 1933 opus
462 1863 618 1933 incepimus
642 1867 759 1934 eiusque
783 1866 889 1922 auxilio
912 1869 941 1921 et
958 1868 1141 1936 permiss1one

94 1935 131 1988 ad
150 1933 234 1988 finem
252 1951 341 2004 usque
360 1933 571 2004 complebimus.

395 2084 424 2156 (f.
436 2090 487 2140 166
507 2085 671 2155 Capitula
688 2085 773 2140 libri
792 2086 836 2156 V.)

9 2241 10 2258 p
93 2191 138 2246 ΒΘ
161 2190 331 2247 diffinitione
354 2195 383 2248 et
406 2193 441 2247 ds
468 2192 605 2248 divisione
632 2192 674 2247 ΒΘ
691 2192 815 2247 tertiana
834 2194 974 2250 continua.

130 2261 226 2316 febris.
632 2263 674 2319 De
693 2263 836 2319 cotidiana
855 2267 997 2321 continua.

94 2335 138 2390 ΒΘ
157 2334 287 2388 effimera.
632 2335 674 2390 ΒΘ
693 2337 831 2406 quartana
849 2337 990 2393 continua.

9 2369 11 2494 i
94 2405 138 2460 ΒΘ
156 2406 258 2460 ethice.
632 2406 674 2461 ΒΘ
692 2407 879 2476 interpolatis.

95 2476 138 2531 ΒΘ
156 2477 234 2531 febre
252 2477 375 2546 putrida.
632 2479 674 2532 ΒΘ
693 2479 842 2533 cotidiana.

95 2549 138 2602 ΒΘ
156 2548 304 2603 continuis.
632 2551 674 2604 ΒΘ
692 2551 823 2605 tertiana.

95 2620 138 2674 ΒΘ
152 2620 346 2690 cognoscendo
359 2620 450 2690 gradu
463 2619 603 2675 discrasie.
632 2621 674 2675 ΒΘ
692 2624 837 2691 quartana.

95 2691 138 2746 ΒΘ
155 2691 233 2747 dieta
251 2693 280 2745 st
297 2691 525 2762 purgacionibua.
632 2694 674 2747 ΒΘ
693 2694 856 2762 compositis
874 2692 1008 2748 febribus.

95 2762 138 2817 De
155 2763 240 2817 variis
259 2763 451 2818 accidentibus
473 2762 603 2818 febrium.
632 2765 674 2818 ΒΘ
693 2764 834 2819 emitriteo
852 2765 964 2819 minori.

95 2834 138 2889 ΒΘ
156 2834 272 2889 sinocha
289 2833 424 2889 infletiva.
632 2835 674 2889 ΒΘ
693 2836 834 2889 emitritco
853 2835 954 2891 medio.

96 2905 138 2959 De
156 2905 272 2960 sinocba
292 2905 407 2973 putrida
430 2907 459 2960 et
481 2906 604 2974 primum
632 2907 674 2961 ΒΘ
692 2907 833 2961 emitriteo
852 2907 960 2961 maiori.

132 2975 166 3030 de
185 2977 344 3031 omothouo.
632 2978 674 3032 De
692 2977 800 3047 duplici
818 2978 947 3033 tertiana.

96 3047 139 3102 De
156 3047 272 3103 sinocho
291 3048 474 3119 augmastico.
633 3049 674 3103 De
693 3049 820 3103 erraticis
839 3049 973 3104 febribus.

96 3119 139 3173 ΒΘ
157 3135 269 3174 causon.
632 3120 674 3174 ΒΘ
692 3119 786 3189 cpiala
804 3123 834 3174 ct
851 3121 962 3190 liparia.

112 3278 118 3292 ι
167 3209 225 3277 (fios.
244 3208 337 3278 f.1'19)
361 3207 433 3262 Ecce
454 3209 510 3262 iam
534 3209 657 3292 breviter
679 3209 722 3292 uti
745 3209 896 3292 postulatis
917 3209 949 3294 in
975 3210 1139 3294 compendio

97 3279 1140 3423 titilletiiiiiStofflllttffllnllclffiffi⁸il}

10 3449 11 3478 ι
97 3423 250 3476 secundum
265 3421 371 3491 scripta
383 3422 440 3478 ista
453 3423 611 3492 operamini
624 3425 717 3478 vestra
730 3439 815 3494 opera
829 3424 969 3494 dirigente
984 3425 1036 3479 deo
1051 3426 1140 3480 omni-

10 3479 11 3529 l
96 3494 220 3564 poento.

485 3607 657 3614 .-.—.——-.
666 3609 718 3614 ...ο
738 3609 744 3613 -
