2604 3900
20 147 22 214 g
526 130 692 186 unricus

20 215 76 337 'aa
97 281 261 359 sanguinis
285 284 379 341 eiecta
401 282 493 341 stilla.
529 281 564 339 fit
587 283 722 341 acumine
746 281 846 358 chymi

20 363 21 368 ¹
97 391 195 447 quem
217 371 297 431 color
319 372 454 430 insinuat
477 388 597 430 croceus
620 370 668 430 vel
690 373 814 446 punctio
836 371 968 430 mordax.

97 459 261 537 sanguinis
284 460 421 519 ubertate
444 461 541 532 venit,
563 463 634 519 tunc
657 460 791 535 pleniora
814 479 907 520 venae

97 553 133 609 et
156 550 272 608 multus
295 549 391 607 fluxus
414 551 445 608 et
466 551 586 626 praeter
608 567 712 626 grossa
736 549 836 609 diaeta

97 656 275 698 mensuram
298 639 359 698 sint
382 639 468 716 signa
490 638 542 697 rei.
580 638 606 698 si
629 637 785 698 debilitate

31 751 80 791 arao
98 727 226 787 virtutis
248 728 449 802 contentiva,
471 730 544 787 tuno
567 729 699 804 corporis
723 730 805 806 aegri

99 818 264 876 exhaustas
287 817 365 876 vires
389 817 589 894 circumspice.
625 838 680 893 per
701 818 885 876 medicamen

100 909 159 965 aut
181 907 251 964 nisu
273 907 367 964 nimio
390 906 484 979 silit,
509 907 650 966 doceatur
673 908 710 966 ab
735 926 833 984 aegro.

176 994 310 1054 Naturae
333 997 414 1071 parit
437 996 563 1056 offensas
587 998 703 1056 occasio
727 997 870 1056 vulvam

100 1084 235 1143 efficiens
259 1085 434 1158 sterilem,
458 1085 510 1144 sed
533 1087 629 1146 causis
652 1086 789 1161 pluribus
813 1086 900 1144 offert

33 1195 81 1236 ries
99 1174 161 1232 hoc
184 1172 355 1250 dampnum.
400 1174 491 1232 maris
515 1194 551 1232 ex
574 1176 649 1235 vitio
674 1176 778 1248 <venit
802 1175 875 1248 aut>
899 1175 1041 1233 mulieris.

100 1264 260 1338 permanet
281 1263 354 1321 haec
376 1263 484 1322 mulier
507 1265 618 1324 sterilis
640 1263 822 1342 pinguedine
845 1263 953 1338 multa,

100 1353 177 1411 haec
199 1347 294 1410 macie
316 1351 413 1427 tenui,
436 1352 585 1428 quaedam
607 1353 722 1412 fervore
746 1352 853 1412 caloris

102 1443 252 1516 spermate
275 1444 465 1517 consumpto,
489 1441 637 1517 quaedam
660 1443 732 1516 quia
753 1445 907 1500 menstrua
929 1441 1053 1500 tardant

103 1531 213 1604 exitus,
237 1532 268 1589 et
290 1529 438 1606 quaedam
456 1529 549 1588 nimio
573 1532 645 1607 quia
666 1530 788 1589 flumine
811 1549 902 1590 venas

36 1639 85 1679 ruo
103 1622 265 1693 evacuant,
288 1619 436 1695 quaedam
460 1620 532 1695 quia
555 1621 678 1679 vulvam
700 1620 838 1697 torpidus
862 1620 948 1699 algor

103 1707 278 1782 mortificat,
303 1708 450 1786 quaedam
474 1708 545 1784 quia
568 1711 660 1768 siccat
683 1728 799 1786 sperma
821 1713 975 1786 receptum

104 1797 244 1872 ariditas,
267 1798 415 1874 quaedam
438 1801 510 1874 quia
529 1797 616 1859 villos
640 1798 755 1859 lubrica
778 1800 852 1859 lenit

102 1885 267 1947 humiditas
290 1886 412 1960 vulvae,
435 1887 584 1963 quaedam
607 1889 680 1963 quia
702 1889 823 1964 torpida
844 1887 954 1947 matrix

103 1976 232 2034 vertitur
254 1976 286 2034 in
309 1976 463 2036 sclirosim.
500 1980 526 2036 si
549 1980 590 2036 sit
611 1976 792 2055 pinguedine
815 1976 911 2036 multa

38 2084 85 2125 rus
103 2067 214 2124 matrix
236 2065 388 2140 obstrusa,
411 2084 513 2126 sensus
537 2066 738 2126 moderamine
762 2068 848 2143 signa

103 2173 212 2229 corpus
235 2155 445 2231 plectoiioum‚
467 2158 603 2214 ventrem
625 2155 805 2234 pinguedine
828 2154 941 2212 fartum

102 2243 224 2302 luxuria
246 2243 332 2320 dapis
355 2246 385 2302 et
407 2247 507 2320 potus.
544 2247 570 2304 ei
592 2263 684 2304 causa
707 2247 746 2304 sit
767 2247 872 2322 ingens

103 2333 242 2408 ariditas,
266 2335 364 2392 tenuis
387 2333 518 2406 habitus,
541 2332 696 2410 deperdita
719 2335 827 2406 virtue,

102 2421 261 2497 pelliculae
285 2422 432 2482 stomachi
454 2425 572 2497 tenues,
594 2423 682 2482 nimis
706 2422 792 2481 arida
814 2422 937 2497 matrix,

39 2527 87 2569 uso
103 2510 279 2571 abbreviata
302 2530 357 2571 suo
381 2511 497 2572 defectu
520 2515 674 2571 menstrua
697 2513 783 2591 signa

104 2603 177 2661 sunt
199 2600 277 2660 fidei.
322 2601 433 2661 matrix
456 2603 482 2660 si
504 2601 672 2678 frigiditate
695 2601 803 2662 nociva

102 2689 284 2748 mortificata
306 2693 398 2768 negat
419 2691 564 2765 fructum,
587 2688 686 2767 pallor
708 2693 809 2764 faciei,

103 2778 260 2858 segnities,
283 2779 378 2840 dulcis
401 2781 517 2839 veneris
541 2780 640 2856 sopita
662 2782 816 2858 voluntas,

176 3044 245 3092 1733
263 3040 338 3094 rubr.
358 3041 400 3094 De
415 3041 565 3094 sterilitate
580 3042 595 3094 b
614 3041 623 3113 ll
642 3046 711 3095 1735
728 3040 814 3094 maris
834 3055 868 3093 ex
886 3039 948 3092 vicii
962 3037 1119 3094 mulierisb

104 3113 207 3178 (aarum
231 3110 291 3165 sinc
315 3112 378 3166 albo
403 3114 533 3167 locamus
557 3115 615 3182 e'psc
640 3112 763 3181 explana).
807 3112 841 3178 cs.
865 3112 906 3166 Ιο.
931 3127 990 3180 cop.
1014 3111 1048 3165 de
1072 3116 1120 3164 st..-

103 3179 245 3235 Sterilitas
267 3181 409 3236 interdum
433 3183 465 3237 fit
488 3183 561 3238 vicio
584 3183 710 3237 mulieris
733 3182 875 3236 interdum
898 3181 970 3236 vicio
993 3182 1118 3235 viri...

104 3254 140 3321 (=
153 3253 228 3307 Plau.
243 3252 400 3321 Impeditur
413 3255 560 3324 conceptio
574 3272 648 3309 nunc
661 3254 731 3308 vitio
745 3254 800 3307 viri
813 3270 887 3307 nunc
901 3252 1027 3307 mulieris
1043 3254 1095 3320 ...)
1110 3251 1120 3325 ll

104 3327 172 3378 1741
192 3339 210 3378 a
229 3324 315 3392 qdam
339 3327 354 3379 b
377 3325 387 3398 Η
410 3331 479 3379 1743
501 3326 616 3395 torpida
640 3330 681 3396 (ut
701 3329 834 3394 o.1765):
857 3324 958 3378 tabida
977 3326 992 3378 b
1016 3325 1026 3397 Η
1049 3329 1117 3378 1745

106 3430 186 3499 signa
210 3408 274 3498 (είέ)
293 3433 333 3485 sec
356 3431 372 3485 c
394 3430 404 3503 ll
429 3437 496 3486 1747
515 3430 627 3486 luxuria
650 3433 666 3486 c
690 3431 700 3503 u
724 3437 792 3485 1752
816 3431 954 3486 mortifica
978 3432 994 3484 c
1016 3431 1026 3503 ll
1049 3435 1118 3484 rues

104 3501 224 3555 veneris:
244 3517 328 3555 venas
348 3504 363 3556 b
380 3505 384 3570 Ι
399 3502 530 3570 voluptas
549 3507 558 3572 (
578 3505 607 3573 ¹)
627 3504 642 3557 b
662 3503 719 3572 (scd
736 3503 866 3556 voluntas
885 3504 901 3558 b
919 3519 943 3556 o.
955 3503 1035 3568 1755)
