2604 3900
130 163 174 230 84
581 158 696 214 aaron

129 313 162 370 in
185 311 292 385 fundo,
315 328 371 369 cen
393 311 434 370 sit
456 329 510 386 per
532 311 629 372 frusta
652 309 759 388 globus
782 310 920 387 glacialis

59 416 112 458 roes
130 400 296 476 dispersus,
319 399 371 458 sed
393 419 460 460 cum
483 399 556 459 forti
578 399 690 459 virtute
715 399 822 460 caloris

130 493 228 548 terrea
250 489 390 548 materies
413 487 600 563 dissolvitur,
625 491 801 548 attenuatur

130 599 185 656 per
206 581 304 637 totum
327 579 485 655 multoque
507 577 591 638 venit
613 597 680 636 cum
702 577 824 636 flumine
846 578 944 637 morbi

131 669 221 727 finem
243 666 432 745 portendens.
469 667 569 744 gravis
592 667 738 726 intestina
759 667 902 727 molestat

131 757 223 817 tortio
246 758 294 817 vel
317 756 503 818 stomachum
526 775 593 814 cum
616 756 739 832 putrida
762 774 852 816 causa
874 755 991 816 locatur

61 862 114 903 soso
131 848 164 905 in
186 845 281 920 villis,
303 863 405 905 muoos
429 844 530 905 fundit
552 863 620 904 cum
642 845 774 906 faecibus
797 863 881 904 anus.

132 935 260 1012 pectoris
284 937 413 1013 angusta
436 933 586 994 testudine
609 933 731 1010 putrida
754 935 858 994 clausa

132 1024 270 1084 materies
293 1025 403 1084 tussim
424 1027 525 1083 movet
547 1023 718 1100 emittitque
742 1022 898 1102 globosum

135 1118 226 1190 atque
248 1116 339 1172 tenax
361 1115 494 1189 sputum.
531 1113 632 1174 vultus
656 1113 752 1187 color,
774 1113 862 1188 hora,
884 1112 998 1186 diaeta,

134 1207 231 1276 aetas,
254 1205 376 1277 natura,
399 1201 482 1261 locus
506 1204 536 1261 et
559 1202 689 1279 genitale
713 1202 847 1280 sigillum
1105 1211 1108 1216 '

63 1307 115 1348 3040
133 1296 259 1352 naturae
282 1293 439 1368 perspecta
461 1289 549 1349 fidem
572 1294 714 1367 poterunt
736 1291 879 1350 stabilire.

206 1379 357 1457 Simplicis
380 1380 526 1439 insultum
549 1381 654 1438 tritei
676 1380 728 1438 lux
750 1382 842 1439 tertia
865 1379 997 1456 quadam

134 1471 199 1548 lege
222 1471 296 1529 mali
318 1470 457 1545 replicat,
480 1468 615 1545 alterque
638 1470 816 1546 gravamina
838 1468 933 1529 nescit

134 1559 316 1635 tranquillus
340 1559 475 1635 lenisque
498 1557 576 1632 dies,
599 1559 651 1616 sed
674 1558 802 1633 duplicis
824 1558 921 1618 instat

135 1649 243 1725 quovis
266 1667 344 1724 pena
367 1647 424 1707 die.
460 1647 569 1706 rubeae
592 1647 750 1724 putredine
772 1666 902 1724 namque

64 1750 117 1793 rouo
136 1740 203 1797 orta
225 1737 318 1796 febris
340 1736 468 1810 colerae,
492 1755 560 1795 cum
583 1735 727 1812 praeterit
749 1737 824 1794 hora
847 1736 908 1795 diei

135 1826 239 1902 tertia,
261 1826 395 1884 membra
418 1827 531 1901 quatit,
554 1825 636 1903 rigor
658 1827 764 1903 ingens
787 1826 926 1901 praevius
949 1826 1059 1900 instat,

136 1919 166 1976 et
189 1917 239 1975 fax
264 1916 421 1974 succedens
444 1915 572 1974 inmensi
595 1916 742 1974 caumatis
766 1917 849 1974 artus

137 2005 279 2066 accendit.
316 2004 394 2064 ratio
417 1995 643 2080 nonnumquam
665 2004 788 2064 turbida
810 2004 892 2062 fumo

137 2096 227 2154 febris
251 2096 283 2153 in
306 2112 425 2154 accessu
449 2093 571 2167 delirat,
593 2095 743 2170 tempora,
767 2093 896 2152 frontem

66 2197 118 2238 sose
137 2188 168 2243 et
191 2185 324 2243 dextram
347 2185 466 2259 partem
488 2181 597 2259 capitis
620 2200 761 2258 pressura
783 2183 895 2242 doloris

137 2274 233 2332 maior
255 2273 406 2348 dissolvit,
429 2273 566 2348 privatur
588 2289 710 2330 munero
734 2271 852 2347 sompni

138 2361 289 2439 palpebra.
327 2360 372 2420 bis
396 2363 474 2422 senis
498 2362 619 2439 gravius
643 2362 802 2438 torquetur
822 2360 855 2418 in
877 2359 958 2420 horis

211 2571 280 2620 2034
300 2583 351 2620 ceu
370 2565 407 2619 sit
425 2566 456 2619 d:
476 2567 577 2620 crescit
595 2567 619 2620 0.
657 2566 691 2632 cs.
711 2567 785 2620 Plot.
805 2565 836 2618 in
857 2566 1000 2635 egestione
1020 2563 1163 2633 quiddam

139 2641 258 2764 qpparet
276 2637 439 2763 ίιιῂιιιοᾱιιίιίιιΙ
458 2637 525 2760 qitri
542 2637 594 2762 ve}J
606 2637 710 2706 glaciei
732 2636 742 2708 Ι(
765 2641 834 2762 2οἷ5
854 2637 903 2762 sfied
923 2636 1163 2762 cumtedqseeupr

139 2708 410 2849 fininiopiiosdridiis
429 2723 557 2833 incidied
571 2709 848 2849 (poiitddddnsmgdrl.)
867 2723 1104 2851 lilddnddpinnviiii:
1126 2732 1162 2835 di

140 2851 170 2905 in
188 2851 274 2904 nullis
294 2852 309 2905 0
329 2852 416 2920 (Plct.
436 2851 515 2904 dolor
538 2851 658 2904 sentitur
681 2851 756 2905 circa
779 2851 842 2904 loca
860 2850 891 2903 in
910 2849 1011 2919 quibus
1031 2850 1163 2905 contine-

139 2926 187 2976 tur
209 2923 338 2991 materia)
361 2922 371 2994 Ι(
393 2927 462 2976 2042
487 2924 580 2976 movet
601 2923 616 2976 0
636 2923 740 2991 (Dar.):
759 2923 847 2976 vomit
865 2923 884 2975 0
903 2921 913 2993 ll
937 2927 1007 2976 2044
1030 2921 1163 2991 genitale

141 2993 266 3063 sigillum
293 2996 406 3048 nature:
435 2995 465 3048 id
493 3001 532 3049 est
559 3009 640 3047 sexus
667 2995 744 3063 qloso
771 2993 790 3048 0
816 2993 826 3066 (Ι
854 2999 923 3046 2045
949 2995 1099 3062 perspecta
1125 2995 1160 3048 d:

140 3065 267 3136 pscripta
286 3067 302 3119 0
318 3068 322 3132 1
338 3065 443 3133 poterit
462 3066 497 3118 00

213 3142 282 3190 2040
300 3137 375 3192 rubr.
395 3136 437 3190 De
455 3135 582 3190 terciana
602 3135 725 3203 simplici
744 3138 772 3189 et
790 3134 899 3204 duplici
918 3136 933 3189 0
955 3134 965 3208 ll
986 3139 1055 3188 2047
1075 3151 1161 3203 repu-

140 3211 183 3262 tat
202 3209 226 3319 l>t
236 3208 246 3280 ((
264 3212 334 3262 2048
353 3206 424 3261 leuis
443 3209 503 3278 (sio)
522 3210 538 3261 0
554 3211 559 3277 1
575 3206 625 3260 sed
643 3206 764 3276 duplicis
784 3209 830 3275 (30.
849 3208 945 3276 000000
965 3206 1001 3273 cf.
1019 3224 1044 3261 o.
1058 3211 1134 3262 2104
1156 3209 1159 3279 l

141 3314 230 3379 instar
249 3316 299 3383 (aie
316 3315 368 3382 ips.
387 3316 466 3382 corr.)
486 3315 513 3366 b:
533 3315 621 3367 instat
639 3313 658 3366 0
677 3313 733 3381 (300
751 3313 841 3367 instar
859 3329 927 3368 corr.
947 3314 1031 3382 Dar.)
1054 3311 1064 3384 ll
1087 3316 1161 3368 2049

142 3383 229 3438 rubea
247 3387 267 3439 0
286 3388 291 3453 Ι
310 3389 404 3452 neque
423 3386 451 3439 b:
471 3400 543 3438 nexa
560 3386 579 3438 0
601 3383 610 3454 1(
634 3389 703 3437 2050
723 3383 792 3438 col’e
811 3383 923 3454 (colere)
942 3385 971 3439 b:
995 3384 1127 3438 0010300
1152 3385 1163 3457 Ι(

143 3459 212 3510 2052
232 3456 364 3510 succedes
383 3454 426 3526 01(
445 3460 514 3509 2053
533 3454 648 3509 turbida
667 3456 683 3508 0
702 3456 808 3522 (Dor.):
832 3455 948 3510 turbata
966 3456 984 3510 0
1005 3456 1008 3526 l
1029 3455 1107 3510 fumo
1128 3457 1160 3512 b:

143 3542 251 3579 summo
270 3527 316 3598 01(
335 3530 403 3580 2055
423 3524 526 3579 doloris
545 3527 575 3580 0;
595 3531 642 3578 -re
662 3527 677 3581 0
696 3525 705 3596 ll
725 3531 793 3580 2057
813 3527 952 3594 torqueris
971 3527 989 3581 0
