2604 3900
202 138 248 192 EX
268 137 441 194 GLOSULIS
460 136 750 193 AFE'ORISMORUM
769 137 796 192 S.
810 135 898 192 MAG.
914 135 1019 191 CARI).
1073 137 1136 203 109

119 282 208 336 etiam
230 281 368 336 rectificat
391 279 483 335 animo
506 279 697 347 operationes,
721 296 784 333 cum
808 278 871 347 ipsa
893 277 998 333 habeat
1021 294 1136 346 operam

119 369 298 423 percorpus.
327 354 355 408 et
374 351 415 406 ita
434 353 477 405 θεὴ
495 353 555 406 tam
574 351 610 405 de
629 349 838 420 generabilibus
858 353 887 404 et
905 347 1136 418 corruptibilibus

119 477 205 528 quam
225 459 259 514 de
278 457 436 515 celestibus.
464 441 511 528 ἵει)
531 457 650 513 scientia
669 459 712 512 est
731 457 766 511 de
786 455 896 510 difficili
915 459 945 511 et
959 455 1040 510 bono.
1069 473 1139 526 ergo¹

120 547 176 600 que
197 532 240 584 est
258 530 293 584 de
312 529 480 585 difficillimo
499 531 529 583 et
546 529 654 598 optimo
675 531 718 582 est
740 527 930 594 nobilissima,
952 527 1018 581 talis
1041 530 1136 582 autem

120 605 164 658 est
182 601 335 669 medicina,
354 600 429 670 quod
447 602 536 670 putet.
565 603 607 655 est
627 600 715 667 enim,
734 600 808 654 sicut
822 599 930 653 dictum
949 601 1004 665 est,
1023 599 1059 652 dc
1077 615 1136 654 cor-

118 689 189 744 pore
204 673 340 740 humano,
359 672 435 742 quod
454 671 559 726 dieitur
577 671 744 741 dignissima
763 672 967 736 creutsuarum,
987 672 1016 725 et
1034 671 1075 725 sic
1094 671 1137 725 θεὴ

119 746 158 800 de
175 744 290 814 optimo.
324 746 367 799 est
385 743 472 798 etiam
491 743 526 798 de
546 742 726 809 difficillimo,
750 742 818 812 quia
841 744 884 797 est
904 741 940 795 ds
958 741 1084 809 homine,
1108 743 1137 797 θὴ

119 817 163 870 ita
176 816 211 870 do
225 815 316 869 causis
330 815 460 870 hominis.
484 832 549 868 nam
569 814 640 870 scire
659 816 702 868 est
720 829 834 869 causam
853 813 894 867 nei
913 828 1089 882 cognoscere,
1108 815 1137 867 et

118 885 386 1012 scutis
399 883 1136 1011 tulissimisutitistuus

119 975 298 1100 cognosccfre,
317 975 487 1098 qniapoausa
504 1028 661 1082 materialis
680 1030 745 1082 sunt
762 1026 816 1082 1111
834 1026 981 1081 elementa.
1012 1043 1044 1081 oo
1085 1027 1136 1080 itio

120 1101 197 1156 enim
215 1117 311 1155 eorum
332 1101 375 1154 ost
393 1099 570 1154 difficillima.
601 1115 686 1155 causa
704 1099 829 1154 efficiens
848 1098 974 1153 eiusdem
993 1099 1035 1152 est
1074 1114 1137 1152 omo

120 1175 151 1226 et
169 1171 218 1226 sol.
250 1172 334 1226 homo
354 1170 428 1226 enim
451 1174 569 1241 generat
591 1171 733 1225 hominem
756 1173 786 1225 et
809 1169 863 1236 sol,
886 1171 918 1222 ut
941 1169 1002 1224 vult
1023 1169 1137 1238 philo-

120 1262 134 1298 s
137 1244 256 1370 giphus
280 1259 365 1368 cange
379 1242 716 1368 affimflffimalistipsius
732 1242 855 1366 hotminis
869 1243 917 1366 tcest
934 1239 1039 1364 aslslima}
1054 1240 1138 1365 θείθὲ

121 1331 268 1369 emco
344 1330 467 1369 01c
542 1327 1124 1370 aes.co11oaumomsn1se

120 1389 213 1440 motus
237 1332 466 1455 sufficelestium
491 1402 637 1455 corporum
657 1331 828 1438 diffigclllins
849 1385 899 1437 est.
933 1399 1018 1437 causa
1042 1385 1135 1438 autem

120 1457 214 1511 finalis
229 1458 353 1511 omnium
366 1473 460 1511 rerum
474 1459 517 1511 est
530 1457 622 1511 homo.
651 1456 746 1511 omnia
761 1455 835 1509 enim
849 1455 927 1509 facta
941 1456 1007 1508 sunt
1022 1457 1138 1524 propter

119 1529 276 1595 hominem,
295 1528 419 1597 cognitio
439 1530 535 1584 autem
554 1526 678 1581 omnium
698 1543 790 1582 rerum
809 1529 852 1581 est
871 1525 1048 1580 difficillima.

193 1599 250 1654 Vel
274 1599 379 1654 aliter
402 1602 431 1655 et
453 1599 566 1667 melius,
589 1601 623 1653 ut
640 1599 732 1653 credo.
763 1597 826 1652 finis
845 1597 967 1653 hominis
986 1600 1029 1652 θεὴ
1046 1596 1137 1651 beuti·

120 1670 199 1738 tudo,
219 1671 298 1726 cuius
312 1671 437 1740 cognitio
452 1673 494 1725 θεὴ
509 1670 684 1725 difficillima.
703 1669 771 1724 licet
789 1669 863 1724 enim
882 1671 919 1724 sit
933 1669 996 1724 finis
1008 1669 1011 1740 l
1025 1669 1053 1738 (f.
1066 1671 1136 1735 lui)

121 1742 247 1797 omnium
270 1741 390 1796 aliarum
413 1758 518 1810 rorum,
542 1745 712 1796 nontamen
731 1741 786 1795 alie
805 1758 849 1796 res
867 1744 983 1811 propter
999 1741 1054 1795 hoc
1073 1741 1138 1793 sunt

121 1814 186 1868 finis
199 1814 296 1883 ipsius.
325 1815 354 1868 et
367 1814 409 1868 ita
422 1813 564 1869 medicina
577 1815 621 1868 est
635 1814 670 1867 de
684 1813 790 1881 optimo
806 1815 835 1866 et
854 1811 1030 1880 difficillimo,
1050 1826 1138 1880 quurc

121 1888 165 1940 θεὴ
183 1885 292 1955 optima
310 1885 437 1939 scientis.
471 1887 499 1939 et
519 1887 636 1954 propter
654 1885 706 1938 hoc
725 1901 781 1938 non
800 1886 843 1938 θεὴ
860 1883 975 1950 mirum,
999 1883 1023 1936 si
1042 1884 1137 1936 tantos

121 1960 152 2011 et
169 1956 337 2011 excellentes
356 1956 457 2010 habuit
475 1959 612 2022 auctores,
631 1956 706 2010 inter
723 1972 793 2023 quos
807 1954 998 2023 Ypocrates
1017 1955 1074 2008 fuit
1091 1970 1137 2008 ex·

122 2027 346 2092 callentissimus,
366 2028 439 2082 sicut
458 2025 667 2082 Aristoteles
686 2025 936 2080 excellentissimus
955 2026 1012 2080 fuit
1028 2025 1059 2079 in
1077 2027 1137 2079 arte

122 2100 280 2154 dialectica.
308 2100 382 2154 unde
402 2100 475 2153 sicut
490 2101 536 2152 Ar.
556 2098 676 2152 tradidit
694 2097 729 2152 de
748 2097 903 2166 sillogismo
921 2097 952 2150 in
969 2114 1027 2150 una
1049 2096 1137 2150 scien-

121 2171 165 2226 tia
183 2171 213 2225 in
232 2171 381 2238 communi,
400 2173 432 2224 ut
450 2171 481 2224 in
498 2169 572 2225 libro
611 2170 724 2235 riorum,
743 2169 773 2222 in
790 2168 848 2222 alia
862 2169 953 2236 magis
967 2168 998 2222 in
1012 2168 1137 2237 speciali,

121 2246 155 2297 ut
173 2242 204 2296 in
221 2241 293 2297 libro
333 2242 511 2306 osteriorum,
534 2242 577 2295 ita
590 2188 667 2310 lpo.
681 2239 802 2295 tradidit
819 2240 988 2295 medicinam
1012 2240 1042 2293 in
1063 2256 1138 2294 com-

121 2313 202 2368 muni
233 2314 264 2368 in
295 2261 368 2368 lilino
402 2313 673 2379 afforismorum,
705 2311 797 2381 magis
826 2312 857 2365 in
884 2311 1015 2380 speciali,
1047 2313 1080 2364 ut
1107 2311 1138 2364 in

122 2384 196 2439 libro
215 2385 504 2454 pronosticorum,
523 2384 646 2437 maxima
665 2383 856 2438 contrahendo
876 2384 913 2437 ad
931 2381 1086 2452 minima¹),
1104 2386 1138 2436 ut

121 2458 154 2512 in
171 2455 244 2510 libro
269 2455 308 2511 de
331 2456 522 2526 regimento
546 2458 731 2510 acutorum.
768 2454 876 2508 nullam
900 2457 995 2509 autem
1017 2454 1138 2508 tradidit

122 2528 270 2583 scientium
295 2527 510 2597 respondentem
533 2526 700 2596 sophistice,
723 2526 790 2594 quis
813 2527 844 2580 in
865 2526 920 2580 hac
941 2527 1002 2582 arte
1020 2529 1138 2580 nonest

122 2599 290 2669 sophistica,
314 2597 447 2667 quoniam
465 2597 621 2666 Ypocrates
644 2597 785 2666 accipiens
808 2597 983 2666 elegantiora
1005 2597 1083 2650 dicta
1101 2596 1137 2651 ab

123 2671 188 2725 aliis
211 2669 387 2740 philosophis
410 2670 444 2723 de
467 2669 609 2725 medicina
632 2669 796 2739 compilavit
818 2672 908 2723 artem
928 2667 1067 2722 medicine
1085 2667 1137 2722 sub

122 2742 289 2811 compendio
308 2742 339 2795 in
356 2740 429 2795 libro
447 2741 501 2795 hoc
520 2742 569 2810 qui
587 2741 692 2795 dicitur
709 2741 921 2795 afforismorum.

195 2814 354 2883 Antequam
379 2814 475 2867 autem
498 2813 663 2867 accedamus
686 2813 722 2866 ad
745 2812 883 2875 litteram,
911 2811 1063 2865 videndum
1087 2813 1137 2878 est,

123 2885 200 2968 sicut
215 2885 246 2938 in
264 2884 328 2938 aliis
347 2882 434 2966 libris·
446 2885 492 2967 (cf.
507 2901 593 2967 sapsa
609 2901 637 2954 p.
653 2884 766 2950 XXV),
785 2899 840 2952 que
858 2883 896 2936 sit
916 2883 1036 2966 matoria
1054 2882 1138 2966 huius

122 2972 238 3095 itti:
254 2972 309 3082 tt
321 2956 928 3096 titittttiit’„tittttttti
943 2970 1138 3080 iiiiii?

197 3225 223 3292 1)
242 3200 261 3292 ᾗ
279 3223 337 3278 cod.
358 3224 394 3292 (=
408 3224 488 3291 puta)
507 3229 539 3278 at
556 3225 674 3292 saepiae.

197 3317 223 3381 2)
243 3311 376 3380 quonium
395 3313 476 3381 (an):
495 3314 536 3367 sic
554 3313 611 3367 cod.

196 3395 440 3489 8)minimu(1l1):
463 3420 503 3473 sic
525 3419 582 3474 cod.
603 3419 807 3488 (inperituss'ms'
827 3419 968 3486 scriptoris
985 3433 1085 3471 manus
1104 3417 1138 3471 ab

125 3491 185 3546 clia
206 3493 313 3630 mana)
330 3507 412 3559 qaam
435 3507 537 3558 semper
559 3497 666 3545 secatus
687 3507 761 3556 sam,
781 3491 889 3558 passim
911 3489 1067 3558 corripitur,
1091 3488 1139 3542 scd

123 3579 180 3620 non
197 3579 322 3632 semper.
