2584 3900
1035 153 1099 209 XIX

75 297 216 384 gente'),
246 302 347 381 patria
376 302 571 362 balsamensis
601 296 684 384 (cum
714 303 754 382 gl.
779 298 861 364 ‘oum
890 305 931 364 sis
961 299 1099 387 duleis')‚

74 389 208 472 ‘genera
226 385 298 474 (sic)
316 393 509 452 Balvasensis
528 385 611 473 (cum
631 394 671 470 gl.
687 387 743 452 ‘de
761 385 981 474 Beauvais')‚
1001 415 1098 454 man-

73 484 183 543 sione
211 483 282 541 iam
312 482 473 541 diutiore
506 500 610 558 quam
638 481 835 542 voluissem
865 481 1099 560 Parisiensis‚

72 589 246 647 numquam
283 570 395 631 alicubi
430 570 528 630 rurale
559 570 630 629 huic
663 570 761 630 simile
793 572 943 631 edificium
974 571 1099 633 vidisti?

73 680 181 721 nonne
210 659 268 719 tibi
297 661 325 719 si
353 659 419 718 fieri
447 662 549 737 posset
584 659 738 720 honestius
770 662 806 719 ut
841 661 988 722 iudicares
1015 681 1098 722 rure

73 750 235 829 paterno
263 749 324 808 frui
349 768 440 825 quam
463 749 555 809 salari
577 749 685 808 lucello
713 741 796 830 (cum
823 751 864 828 gl.
886 744 1099 833 ‘causatoris')

76 839 237 900 addiobrm
268 837 369 898 brisso.
413 837 497 897 Tunc
528 856 584 916 ego
614 837 768 898 subridens
797 839 1099 917 Interrogationibus,

74 930 215 1005 inquam,
235 927 303 987 istis
322 971 373 987 ...
391 928 455 986 tam
474 926 573 986 subito
592 927 770 1004 respondere
788 946 849 987 non
868 929 1028 1007 aggredior
1046 975 1054 989 .
1069 975 1099 990 ..

75 1021 112 1077 et
134 1017 197 1076 iam
219 1016 347 1076 circuitu
369 1011 539 1095 pergireto'
554 1063 560 1076 .
575 1061 604 1077 .,
624 1019 679 1078 etc.

155 1103 275 1165 Scheler
309 1126 339 1182 p.
364 1107 418 1164 93:
452 1100 567 1165 ‘Habes
604 1107 683 1164 enim
719 1125 777 1183 que
814 1105 895 1166 dicta
931 1109 1015 1182 sunt,
1053 1107 1101 1166 mi

77 1195 263 1269 Anselme,
383 1194 504 1271 qualem
536 1194 684 1272 probabas
717 1194 883 1254 orationem
918 1198 951 1255 et'
983 1214 1101 1256 rerum

76 1283 409 1345 usitatissimarum
441 1286 624 1361 copiosam
653 1287 689 1343 ut
717 1283 907 1345 desiderabas
936 1285 1100 1346 nomina·

77 1374 224 1434 tionem.
264 1371 350 1442 Quod
372 1372 399 1432 si
420 1373 477 1432 hoc
499 1375 622 1433 nostre
645 1373 824 1433 orationis
848 1375 1101 1452 crepusculum

77 1462 213 1522 nubibus
242 1482 316 1539 pene
347 1462 577 1522 clarescentibus
608 1464 739 1522 serenius
762 1481 854 1539 quam
877 1462 1021 1540 querebas
1044 1463 1102 1523 tibi

77 1553 235 1626 videatur,
265 1551 462 1611 orationem
492 1553 607 1629 ipsam
635 1551 732 1611 medie
761 1551 856 1612 noetis
883 1552 1027 1613 furvitate
1051 1553 1102 1612 ob-

78 1641 206 1701 ductam
234 1641 292 1700 tibi
321 1641 482 1718 palpatum
511 1641 630 1700 mittere
652 1643 777 1718 paratus
800 1659 874 1701 sum.
911 1641 963 1701 sed
986 1643 1023 1702 ut
1046 1643 1101 1702 ali·

79 1731 157 1807 quid
186 1748 246 1788 non
275 1729 460 1808 superfluum
492 1731 583 1789 immo
613 1749 683 1790 vero
715 1731 790 1790 utile
822 1730 918 1791 amico
951 1731 1102 1792 destinate

79 1820 236 1880 contineat
258 1819 400 1897 epistola,
424 1818 475 1878 sed
494 1817 715 1897 philosophiam
738 1819 774 1878 de
797 1821 886 1881 huius
908 1820 991 1880 modi
1013 1822 1102 1881 rebus

80 1908 235 1983 consulas,
264 1909 331 1986 ipse
359 1908 416 1968 tibi
443 1908 580 1968 ostendet
602 1909 765 1968 certissime
788 1911 873 1969 tante
895 1929 994 1968 rerum
1017 1911 1101 1987 copie

78 1997 360 2073 incomparabiliter
393 1997 624 2074 prestantiorem
665 2016 728 2058 esse
769 1998 971 2076 cognitionem
1011 2017 1101 2075 quem

80 2086 300 2165 possessionem
319 2133 326 2146 .
342 2132 349 2145 .
364 2133 371 2146 .
389 2105 449 2146 non
472 2088 547 2147 talia
569 2087 721 2163 possidere
747 2086 799 2147 sed
821 2086 932 2147 talibus
955 2089 1004 2148 vel
1026 2087 1101 2146 bene

81 2178 130 2236 uti
148 2177 196 2236 vel
214 2175 287 2236 bene
306 2195 405 2237 carere
423 2177 664 2254 preciosum'est.
699 2174 785 2245 Quod
808 2175 928 2254 quidem
947 2223 953 2236 .
969 2225 976 2238 .
992 2223 999 2236 .
1018 2195 1037 2236 a
1054 2196 1101 2236 me

82 2284 153 2343 sepe
176 2265 326 2342 accepisti.
357 2265 472 2326 Valete.
509 2265 649 2342 Explicit.
681 2260 799 2324 Amen?

155 2353 238 2414 Haeo
267 2354 294 2414 si
319 2356 467 2414 tractatus
494 2354 668 2414 dialecticus
700 2353 798 2416 editus
828 2355 901 2430 fuit,
931 2358 966 2415 ut
994 2355 1101 2415 unicus
1141 2379 1143 2383 ’

82 2444 151 2504 vult
178 2442 269 2502 codex
292 2444 481 2519 Parisiensis,
512 2463 590 2504 anno
613 2442 784 2503 MOXXXII
813 2446 844 2502 et
871 2446 898 2504 si
920 2446 1000 2504 circa
1022 2444 1103 2504 idem

81 2533 146 2593 fere
169 2535 285 2610 tempus
309 2528 372 2614 (vel
394 2534 486 2610 paulo
509 2526 593 2614 ante)
617 2550 768 2593 sumamus
791 2534 969 2611 magistrum
988 2534 1102 2593 factum

82 2621 238 2702 renunes,
251 2622 382 2699 patriam
413 2642 491 2682 anno
522 2624 558 2682 ut
583 2621 648 2697 ipse
675 2623 804 2682 testetur
831 2615 917 2697 XH0,
946 2623 1102 2700 reliquisse

82 2711 293 2771 concludemus
316 2711 459 2790 Angliam
488 2731 566 2771 anno
590 2703 842 2793 (1118-)1120
861 2705 1021 2787 ‘puerum'
1042 2713 1101 2772 for·

82 2804 166 2861 tasse
181 2801 221 2860 15
237 2819 392 2876 annorum,
410 2802 454 2861 ita
470 2805 505 2861 ut
520 2803 611 2860 natu
631 2800 731 2860 Adam
748 2800 839 2859 fuerit
855 2794 1101 2883 o.a.1105(03).

82 2891 159 2949 haec
188 2888 309 2965 quidem
337 2891 451 2950 incerta
480 2893 564 2965 sunt,
595 2890 669 2949 certi
699 2892 800 2949 sutem
829 2892 974 2948 notantur
1004 2893 1103 2966 poste·

82 2979 172 3038 rioris
196 2979 275 3038 ritae
305 2981 385 3040 enni,
426 2981 535 3039 etenim
565 2998 644 3039 anno
670 2981 754 3038 1147
779 2980 891 3038 citatus
920 2978 952 3037 iu
975 2980 1101 3040 concilio

83 3067 249 3128 Par-leiensi
272 3071 376 3128 contra
395 3066 562 3128 Gilbertum
581 3067 779 3127 Porretanum
802 3067 994 3128 dialecticum
1015 3071 1102 3130 testis

83 3157 145 3216 fnit
172 3149 256 3238 (cum
285 3156 412 3236 Hugone
442 3158 478 3217 de
507 3156 618 3234 (lampo
648 3156 770 3217 Florido
801 3157 974 3217 cancellarie
1007 3152 1101 3238 regis)

83 3247 230 3325 magister
252 3241 365 3306 ‘Adam
392 3246 428 3305 de
450 3247 548 3308 Parvo
571 3246 667 3306 Ponte
689 3245 744 3306 vir
767 3245 918 3306 subtilis
942 3249 977 3305 et
999 3245 1101 3307 Pari·

85 3335 216 3396 aiensis
254 3337 429 3396 ecclesiae
464 3337 658 3396 canonicus
694 3339 859 3395 recenter
893 3330 1100 3396 factus'...

84 3419 168 3486 ‘non
191 3425 267 3484 eine
291 3425 486 3484 multorum
509 3425 752 3485 admiratione
775 3424 873 3484 viros
896 3442 1043 3502 magnos
1067 3428 1103 3483 et

82 3514 120 3571 in
157 3513 299 3573 ratione
334 3513 538 3573 disserendi
574 3515 793 3575 exercitatos
832 3531 886 3590 pro
923 3515 1101 3590 argumento

905 3626 941 3679 b.
