2584 3900
140 141 217 196 XXX

143 285 291 373 (10301.
308 281 414 370 68111)
430 308 497 349 0010
510 288 665 350 Aricenna
679 281 731 368 (cf.
742 288 772 348 Z.
783 290 803 347 f.
813 288 841 348 d.
851 288 914 348 1111.
924 309 953 347 0.
962 288 996 346 8.
1003 287 1056 362 VI,
1067 279 1157 366 344).

142 381 231 440 huius
268 380 382 439 scilicet
419 373 573 457 ‘magistri
609 372 785 438 cardinalis’
822 396 901 437 nunc
936 376 1026 454 plane
1058 376 1159 454 ignoti

143 469 323 547 exemplaria
345 468 481 528 feruntur
503 468 576 528 satis
600 469 727 546 antiqua
749 461 795 546 (01
813 467 925 527 saeculi
943 459 1032 547 XIII)
1054 465 1157 525 lirior-

143 561 210 619 diae
233 578 268 618 ex
291 555 481 617 celeberrima
504 557 684 617 bibliotheca
710 576 789 634 mag.
812 555 967 633 Amplonii
995 554 1030 615 de
1058 555 1157 615 Barka

143 649 181 709 ad
199 645 365 708 Iohannitii
382 648 539 724 isagogem
557 640 622 728 (qu.
639 646 711 722 181,
722 647 751 705 3.
770 664 820 721 qu.
838 648 910 720 173,
921 647 950 704 9.
970 664 1019 720 qu.
1035 645 1109 720 295,
1123 637 1157 724 9)

143 741 174 798 01
204 737 300 816 Tegni
332 735 450 796 Galieni
482 728 671 816 (qu.181,4
699 736 821 810 etpost
846 736 918 809 173,
934 725 982 814 9),
1014 735 1088 792 11010
1120 732 1159 792 ad

142 824 336 905 Hippocratis
374 825 559 902 aphorismos
596 825 627 883 10
663 824 727 884 cod.
755 822 848 884 Paris.
876 824 961 884 6847
999 824 1031 882 01
1065 823 1158 883 Basil.

142 915 231 976 DIII.
244 917 284 974 16
311 916 344 974 10
377 913 487 990 quibus
518 913 734 990 subscriptione
762 914 939 972 consonanti
971 906 1160 988 ε111111101001

144 1006 259 1083 glosule
292 1022 382 1081 super
414 1002 579 1063 afforismcs
612 1002 805 1063 secundum
836 1003 1050 1080 magistrum
1082 1018 1158 1060 car-

144 1087 324 1153 dinalem'.
356 1093 471 1152 codices
491 1092 612 1168 quidem
630 1092 826 1169 Amplouiani
848 1092 965 1151 minuto
988 1091 1159 1150 charactere

144 1182 249 1259 scripti
280 1200 368 1258 saepe
399 1180 540 1256 evanidc‚
572 1182 645 1242 olim
677 1180 798 1258 quidem
830 1199 908 1240 anno
942 1180 1027 1239 1855
1062 1197 1081 1238 0
1112 1197 1159 1238 100

144 1273 256 1349 partim
288 1271 431 1348 0110011111,
464 1272 547 1331 visus
579 1289 658 1329 nunc
691 1271 786 1330 aciem
812 1269 999 1329 debilitatam
1028 1269 1159 1346 fiigiunt,

144 1380 248 1421 verum
273 1359 320 1419 uti
348 1359 435 1436 potui
461 1360 646 1438 glosularum
677 1378 768 1436 super
800 1359 847 1418 aff.
871 1358 971 1419 codice
998 1357 1161 1418 Basiliensi

144 1451 270 1527 pessime
294 1449 414 1525 quidem
437 1451 469 1508 at
491 1449 712 1528 grandiusculis
734 1448 844 1508 litteris
875 1446 913 1507 ab
935 1446 1160 1524 imperitissimo

143 1538 266 1598 librario
290 1541 419 1597 exarato.
450 1538 530 1614 quod
554 1539 593 1597 ad
614 1537 844 1614 Amplonianos‚
867 1537 923 1596 hoc
945 1535 1161 1596 tantumlibet

144 1647 263 1688 monere
286 1627 319 1685 in
342 1627 405 1686 cod.
425 1646 474 1704 qu.
490 1629 552 1687 178
577 1620 667 1707 (saec.
685 1627 756 1685 XIV
780 1627 817 1687 ab
840 1645 901 1685 uno
924 1627 1068 1703 scriptore
1091 1643 1161 1684 con·

146 1717 208 1776 dito
233 1719 263 1775 et
286 1715 470 1792 amplissima
492 1716 693 1775 rubricatione
717 1709 837 1795 ornato)
856 1714 1009 1791 Anonymi
1026 1714 1160 1792 glosulas

145 1807 390 1866 collectaneae
408 1803 512 1863 haberi
531 1825 566 1864 ex
580 1804 701 1864 Thadeo
715 1804 897 1864 Bononiensi
911 1796 961 1885 (=
970 1795 1160 1884 Florentino)
1275 1820 1277 1875 1

145 1894 325 1970 compositas
354 1912 421 1953 cum
444 1893 568 1971 glosulis
592 1893 797 1953 Bartholomei
821 1895 851 1954 et
872 1893 995 1953 Ioannis
1028 1893 1066 1953 ad
1097 1893 1160 1953 Isa-

146 2003 256 2063 gogam
280 1985 310 2042 et
332 1982 372 2042 ad
389 1982 493 2061 Tegni,
512 2002 578 2043 cunr
598 1981 767 2043 Oardinalis
786 1986 887 2042 autem
907 1985 938 2042 01
955 1982 1161 2042 Bartholomei

146 2074 185 2133 ad
202 2072 378 2132 Afforismos
396 2074 427 2130 et
444 2072 628 2132 Pronostica.
650 2071 703 2131 ubi
721 2091 788 2132 cum
808 2091 974 2148 anonymus
993 2071 1163 2132 rubricator

146 2165 251 2221 auctor
265 2156 390 2241 (saeculi
403 2161 485 2236 XIV,
504 2180 572 2220 cum
590 2161 656 2238 ipso
669 2155 846 2244 Amplonio)
860 2161 1107 2221 Bartholomeum
1126 2161 1162 2220 de

144 2251 254 2328 Brugis
266 2251 406 2310 inferciat
413 2249 586 2310 Aristotelis
598 2251 778 2329 glosatcrem
790 2245 1032 2330 saeclIIIIlXIV
1041 2241 1092 2332 (de
1102 2269 1161 2325 quo

146 2340 208 2398 dixi
227 2339 260 2398 in
278 2339 440 2399 Aristotele
461 2339 723 2417 Pseudepigrapho
742 2339 823 2416 Lips.
841 2341 925 2398 1863
944 2361 972 2416 p,
985 2339 1057 2399 639.
1073 2333 1162 2420 646),

144 2430 250 2488 001010
263 2427 377 2488 seilicet
390 2447 444 2505 pro
458 2429 562 2506 ignoto
576 2448 671 2505 eoque
686 2430 737 2504 qui
750 2429 881 2488 inlibris
896 2428 1031 2488 omnibus
1046 2447 1163 2506 semper

146 2520 247 2578 careat
273 2519 482 2595 cognomento,
510 2517 656 2579 Iohannes
685 2537 803 2594 quoque
831 2518 867 2578 de
891 2517 1001 2577 Sancto
1025 2518 1162 2578 Amando

146 2626 242 2668 novus
261 2611 291 2667 01
308 2608 398 2666 00100
417 2610 523 2667 auctor
545 2627 639 2683 aeque
662 2607 757 2685 Belga
780 2609 932 2684 suspectus
956 2625 1019 2667 0000
1043 2606 1163 2666 videtur

145 2701 236 2773 atque
258 2696 355 2773 repeti
377 2715 412 2755 eo
435 2697 589 2757 nominato
612 2697 734 2756 Ioannis
760 2716 870 2757 nomen
897 2697 994 2756 solum
1016 2687 1163 2768 (eiusdem

146 2787 207 2847 scil.
227 2778 419 2867 Cardinalis),
438 2805 473 2844 ex
492 2803 552 2862 quo
571 2803 638 2844 curn
657 2785 869 2845 Bartholomeo
888 2787 994 2845 auctor
1007 2783 1163 2843 Thadeum

146 2876 337 2952 suppleverit.
357 2877 490 2935 attamen
507 2875 580 2933 haec
599 2873 734 2935 codicum
751 2875 1021 2952 manuscriptorum
1044 2891 1162 2934 accura-

145 2965 222 3023 tiore
232 2965 332 3024 studio
341 2963 498 3041 inquirant
507 2963 724 3040 expediuntque
733 2965 864 3024 iuniores
875 2963 927 3022 alii
936 2966 966 3023 01
975 2961 1163 3036 valentiores,

145 3052 220 3112 mihi
234 3055 344 3128 autem,
358 3073 425 3114 cum
440 3054 478 3113 ad
487 3056 598 3114 0101001
607 3053 669 3112 1010
678 3053 763 3113 labor
773 3051 939 3131 EgidIanus
949 3053 1163 3130 properaverit,

147 3143 261 3220 gratiae
285 3142 417 3220 agendae
441 3146 512 3202 sunt
538 3142 667 3202 Aemilio
690 3141 794 3201 Iacobs
812 3142 872 3200 mei
890 3143 920 3200 et
941 3142 1044 3202 Musae
1068 3140 1163 3200 amico

146 3231 256 3308 iuveni,
279 3232 332 3308 qui
350 3231 482 3310 gratiosa
500 3233 655 3292 voluntate
672 3231 812 3309 plagulas
835 3230 1057 3292 Teubnerianas
1081 3249 1163 3290 0100

148 3324 294 3381 correctas
317 3320 478 3380 semicaeco
501 3321 632 3399 relegere
655 3320 800 3380 sustinuit
822 3323 853 3380 et
875 3320 1057 3380 confirmare.

218 3444 361 3503 Berlini
386 3447 435 3505 10.
454 3443 558 3502 Martii
584 3445 677 3503 1907.
1012 3489 1053 3558 V·
1076 3488 1119 3557 R·
