2604 3900
554 147 721 203 VIATIGUS

127 299 238 359 ordine
261 317 411 359 converso.
447 297 544 376 putris
568 297 653 375 niger
676 297 797 358 abditus
818 298 925 359 humor

126 391 164 448 in
189 407 278 463 vena,
301 387 385 448 cuius
408 387 450 446 fel
473 390 519 447 cst
541 405 638 447 comes
663 387 743 464 quod
765 388 841 447 latet
863 391 960 463 extra,

127 477 256 537 maioris
279 479 403 555 generat
425 476 606 536 discrimina.
643 476 761 536 Primus
784 477 913 538 habetur

44 589 105 629 raso
128 568 246 627 indicio
268 565 360 626 saccis
384 567 495 642 epatis,
517 585 588 626 nam
611 568 708 643 spissa
730 584 857 642 superne

129 657 209 716 liuet
230 656 299 714 rufa
321 656 370 715 vel
392 655 520 714 inferius
542 656 663 729 rutilat,
685 655 781 732 magIs
805 655 900 716 instat

130 749 267 822 tempore
290 747 449 820 nocturno,
472 744 542 804 dum
565 744 650 804 crudi
672 744 819 822 flegmatis
843 745 917 806 hora

133 853 205 895 aera
227 833 373 911 dIsponit,
397 835 427 892 et
449 835 552 894 eodem
574 837 707 910 tempore
729 853 841 910 parvus

131 925 259 984 infestat
281 922 460 1000 quandoque
482 926 587 1000 typus,
609 925 693 982 tenet
715 923 823 982 ultima
845 922 961 1002 frigdor

47 1033 108 1074 usas
133 1013 282 1089 corporis,
305 1015 453 1072 extremae
476 1031 563 1072 nares
586 1031 638 1088 pes
662 1013 764 1088 palma
786 1014 909 1074 remisso

133 1104 273 1163 caumate
295 1103 474 1180 frigescunt,
497 1101 598 1162 oculos
622 1101 774 1178 oppressio
798 1101 916 1178 sompni

133 1195 295 1270 aggravat,
318 1191 443 1251 infestat
465 1193 511 1250 ter
534 1209 584 1250 sex
607 1191 768 1251 violentius
790 1192 880 1250 horas

133 1285 165 1341 et
189 1299 240 1340 sex
262 1281 394 1340 declinat
416 1281 564 1359 gravitas,
587 1280 693 1356 pulsus
717 1281 855 1339 muliebri

132 1371 262 1430 mollitie
285 1389 339 1429 uec
362 1388 430 1429 cum
453 1369 548 1429 veloci
570 1369 690 1429 verbere
713 1388 806 1428 venae

50 1481 111 1520 saco
133 1460 265 1519 occurrit
287 1459 399 1538 digitis.
436 1457 529 1518 Medii
551 1461 621 1518 sunt
643 1459 750 1518 nuntia
772 1458 867 1518 lIveus

132 1549 239 1609 urinae
261 1567 331 1624 pars
355 1567 485 1623 summa,
509 1548 591 1607 color
612 1548 734 1622 rubeus,
757 1546 915 1607 mediocris

133 1638 185 1698 vel
206 1638 358 1697 modicum
380 1636 501 1714 pinguis
525 1637 707 1713 substantia,
730 1639 821 1696 tertia
844 1656 960 1713 semper

133 1729 188 1787 lux
211 1728 346 1804 gravior,
370 1727 484 1786 colerae
508 1725 632 1802 quaevis
656 1726 854 1786 truculentior
875 1727 963 1800 hora,

133 1835 205 1876 cum
226 1817 310 1894 rigor
331 1816 457 1875 infestat
479 1815 626 1891 modicus,
651 1816 715 1876 sitis
739 1817 880 1892 amplior,
903 1815 981 1874 ictus

50 1923 113 1966 sace
132 1905 255 1981 fortior,
279 1905 407 1964 arteriae
430 1904 537 1980 durae,
561 1923 702 1981 sompnus
725 1904 837 1979 brevis,
861 1905 920 1964 oris

133 2013 242 2054 exosus
266 1996 385 2072 gratus,
408 1995 490 2054 calor
512 1995 631 2072 ingens,
654 1997 742 2072 ignea
765 1993 868 2052 vultus

132 2085 241 2144 forma.
277 2084 374 2162 magis
399 2084 536 2142 stimulat
558 2083 649 2144 febris
673 2103 726 2159 per
748 2086 795 2142 ter
817 2081 970 2141 duodenas

132 2175 238 2247 boras,
262 2171 307 2232 bis
332 2172 409 2232 senis
432 2174 502 2248 post
523 2173 628 2232 mitius
650 2173 746 2232 instat
767 2173 800 2230 in
822 2171 911 2230 horIs.

134 2263 246 2340 Signat
268 2261 450 2321 emitriteum
472 2261 617 2320 maiorem
640 2264 749 2339 quarta
771 2261 927 2320 revolvens

54 2370 114 2411 saro
133 2353 165 2413 el
189 2352 336 2428 replicans
359 2353 509 2411 tormenta
533 2350 595 2410 dies
619 2350 789 2410 discrimine
812 2369 934 2428 magno,

132 2433 366 2516 tempore’dum
389 2439 486 2500 medio
509 2441 608 2500 minus
633 2461 756 2518 aegrum
778 2459 856 2517 pena
878 2441 1027 2499 molestat.

134 2532 193 2590 aut
214 2531 293 2589 viret
314 2530 402 2588 urina
425 2530 473 2590 vel
496 2549 565 2589 cum
587 2530 742 2607 nigredine
766 2548 892 2607 vergens

210 2704 278 2753 2281
298 2699 394 2768 putrix
417 2700 433 2754 0
453 2702 457 2768 Ι
479 2697 593 2753 abditus
613 2701 640 2754 b:
664 2699 778 2753 additur
800 2699 819 2754 d
840 2698 851 2770 Ι)
874 2703 944 2752 2288
968 2698 1096 2752 invenat9
1115 2696 1154 2751 fel

135 2772 182 2826 est
200 2787 292 2825 comcs
312 2772 340 2825 b:
364 2771 394 2826 iu
412 2787 483 2824 vena
506 2771 585 2824 cuius
609 2786 702 2824 comes
726 2773 769 2825 est
789 2769 828 2824 fel
846 2770 865 2824 d
886 2769 896 2842 ))
919 2775 988 2823 2293
1007 2768 1104 2838 palma
1123 2770 1153 2823 d:

134 2841 234 2912 pulmo
249 2843 265 2897 b
282 2842 292 2914 ))
310 2847 380 2895 2298
395 2841 538 2896 muliebri:
553 2841 699 2896 muliebris
714 2842 749 2896 bd
764 2843 807 2912 (cf.
822 2842 875 2911 Eg.
886 2841 960 2910 pule.
973 2844 1037 2910 228)
1055 2840 1065 2912 Ι)
1084 2846 1153 2895 2301

134 2927 204 2984 pars
227 2929 337 2967 summa
360 2913 391 2968 d:
415 2913 518 2967 citrino
543 2915 558 2968 b
581 2913 590 2985 )Ι
614 2918 682 2967 2302
707 2912 869 2967 substancia
892 2913 922 2966 d:
948 2913 1010 2966 fusa
1034 2914 1083 2966 sed
1107 2912 1155 3038 bd

135 2989 209 3039 2303
232 2985 360 3054 quaevis:
384 2985 482 3053 quavis
506 2985 536 3052 d,
561 2979 615 3053 qud
638 2984 707 3038 levis
731 2986 747 3039 b
769 2984 778 3056 ))
803 2989 871 3038 2303
892 2983 947 3038 oris
970 2985 1001 3038 d:
1026 2983 1119 3038 ,horis

136 3057 187 3127 (sic
205 3073 267 3111 cum
285 3056 305 3109 h
319 3059 433 3125 pendis
450 3057 566 3123 Inclusa)
585 3055 595 3127 ))
613 3061 683 3110 2300
702 3056 786 3124 ignea
806 3056 833 3109 b:
853 3055 992 3125 nigraque
1006 3055 1024 3110 d
1038 3057 1083 3124 (cs.
1099 3053 1154 3108 oris

135 3127 232 3182 vivida
252 3128 343 3181 sonna
365 3145 389 3182 o.
404 3130 486 3194 2333)
509 3127 519 3200 II
542 3132 611 3181 2301
636 3125 762 3182 febribus
784 3128 837 3197 ptu
858 3128 886 3193 0,
910 3126 997 3181 febris
1019 3128 1114 3195 preter
1136 3127 1155 3181 d

136 3203 199 3269 (per
221 3201 265 3253 ter
287 3200 369 3267 Dor.)
393 3201 427 3266 cs.
447 3200 521 3254 Plot.
545 3201 607 3268 (Io.)
631 3197 747 3252 XXXVI
770 3199 853 3252 horas
878 3198 966 3254 habet
991 3199 1021 3252 in
1046 3213 1154 3252 summo

135 3304 241 3362 labore.
278 3305 330 3359 XII
348 3305 378 3358 in
396 3305 469 3360 falsa
492 3305 587 3374 quiete
608 3304 618 3376 Ι)
643 3309 711 3358 2303
732 3307 833 3374 quarta
856 3288 940 3374 (dita)
960 3306 987 3360 b:
1011 3304 1155 3374 geminata

136 3378 158 3434 d
176 3380 208 3446 (2)
227 3377 237 3449 Ι)
255 3382 325 3431 2310
344 3376 484 3446 replicans
502 3377 533 3432 d:
553 3379 688 3446 reputans
707 3378 722 3430 0
741 3377 838 3516 ΨΜ
858 3379 908 3431 aut
920 3377 993 3431 viret
1010 3376 1092 3430 urina
1110 3376 1155 3431 vel

136 3467 202 3504 cum
227 3449 374 3518 nigredine
400 3450 460 3518 mg⁵
484 3450 534 3516 (stc
547 3475 574 3493 =
588 3448 677 3516 niger)
701 3450 717 3502 b
765 3455 815 3503 ort.
835 3465 858 3501 c.
877 3467 903 3502 n.
922 3463 1040 3516 vergens
1065 3448 1099 3514 cf.
1121 3448 1155 3503 dc

136 3521 226 3576 colore
253 3521 339 3574 cludi
366 3527 416 3574 aut
442 3521 521 3589 eiuro
548 3527 670 3589 uergente
692 3520 777 3590 Egid.
796 3535 889 3574 comm.
909 3519 948 3573 od
969 3535 1012 3573 wr.
1030 3522 1086 3574 206
1113 3519 1153 3573 cd.
