2604 3900
162 132 205 196 60
615 129 730 186 EGIDII

161 281 301 354 naturae,
324 297 379 338 nec
401 279 492 339 habet
514 281 674 341 mediatrix
696 279 764 342 iura
786 281 938 356 voluntte,

91 387 144 425 144⁰
163 388 256 445 quam
278 368 325 427 lex
347 369 481 428 institnit
502 372 538 428 ut
561 371 650 430 certis
674 370 770 448 possit
791 369 824 430 in
846 369 928 430 horis

164 458 299 517 detentas
323 455 381 517 sibi
404 475 472 517 cum
494 459 613 535 placeat
635 459 791 520 demittere
814 459 924 535 faeces,

163 547 215 606 sed
238 547 301 606 sine
325 550 431 624 sponte
454 566 509 607 sua
531 549 675 623 potientis
699 567 787 608 crura
809 548 985 608 madescunt

162 636 291 696 fluxibus
314 636 427 696 urinae
464 655 554 697 causa
577 637 754 714 producitur
775 637 835 698 ista

163 724 263 800 passio
286 725 461 802 multiplici,
484 727 599 786 colerae
622 745 690 786 cum
712 727 823 806 pungit
846 746 970 786 acumen

94 831 145 870 1441
164 814 295 874 vesicam
317 833 426 893 cogens
449 815 582 876 violento
606 815 772 890 (reddere)
796 815 879 875 fluxu

165 903 313 981 quidquid
335 903 428 962 habet
449 905 554 980 faecis,
577 906 626 964 vel
648 905 770 968 vincula
791 906 900 984 flegma
922 906 1040 965 relaxat

164 993 280 1053 vesicae
304 1012 382 1069 quae
404 993 529 1054 mollitis
552 997 696 1070 concepta
718 995 839 1056 lacertis

165 1101 340 1142 conservare
363 1083 480 1159 nequit,
504 1083 553 1143 vel
574 1083 751 1161 frigiditatis
774 1103 900 1143 acumen

164 1172 325 1232 mortificet
347 1173 426 1232 uires
448 1175 583 1232 naturae.
631 1172 724 1252 Signa
746 1173 873 1233 furentis

95 1276 147 1316 uso
165 1265 236 1321 sunt
259 1262 373 1322 colerae
396 1264 545 1339 punctura
568 1262 707 1340 frequens
731 1281 808 1339 quac
830 1261 925 1321 laedit
946 1260 979 1320 in
1002 1279 1054 1320 ore

166 1351 281 1410 vesicae
304 1351 442 1426 mordax,
466 1351 570 1412 effusio
593 1353 690 1411 tincta
713 1352 810 1411 colore

166 1441 276 1517 ignito,
298 1444 419 1517 tempus
443 1441 605 1516 uestium,
629 1442 757 1517 pectinis
780 1441 882 1515 ardor,

167 1534 249 1589 aetas
273 1532 419 1605 extrema,
442 1530 621 1606 complexio,
645 1531 776 1605 mansio,
799 1530 872 1590 vita.

166 1619 315 1697 flegmatis
338 1617 503 1678 humiditas
527 1620 574 1678 his
597 1619 632 1678 fit
655 1619 713 1678 tibi
735 1622 822 1695 nota,
845 1619 969 1678 remissa

97 1721 148 1761 mcc
167 1709 256 1766 urina
278 1706 397 1785 pingui,
421 1709 518 1784 senio,
541 1709 671 1784 pallore,
695 1708 808 1784 diaeta,

167 1797 199 1856 vi
222 1796 406 1872 complexiva
428 1797 477 1856 vel
499 1797 564 1876 lege
588 1798 655 1859 loci.
693 1797 750 1858 tibi
773 1797 866 1876 signis

167 1886 257 1946 noxia
280 1885 431 1964 frigiditas
456 1886 605 1964 descripta
629 1890 750 1947 notetur
774 1885 897 1960 eisdem,

168 1979 223 2035 aut
245 1974 354 2035 habitu
375 1974 459 2036 tenui
482 1977 588 2051 vestis,
612 1979 666 2036 aut
689 1976 756 2036 sede
780 1974 929 2052 frequenti

168 2065 263 2124 electa
286 2065 414 2143 frigente
437 2066 517 2141 loco,
540 2085 608 2125 cum
631 2065 788 2125 marmoris
812 2065 897 2143 algor

98 2168 151 2207 146⁰
169 2154 391 2230 consimilisque
413 2155 458 2213 rei
481 2153 634 2215 subitanee
658 2154 792 2214 membre
814 2152 944 2213 sedentis

168 2244 338 2302 mortificat.
376 2244 452 2304 solet
475 2245 531 2304 hoc
554 2244 673 2323 signum
697 2243 857 2303 metuenda
879 2239 1001 2316 minari,

168 2332 264 2390 imber
287 2332 445 2392 continuus
469 2351 537 2392 cum
560 2336 672 2393 cretica
696 2331 836 2410 provenit
857 2332 940 2391 hora.

241 2421 393 2481 dimanans
417 2440 532 2482 comes
555 2421 684 2482 urinae
708 2423 743 2481 de
766 2419 905 2498 pluribus
924 2421 985 2478 exit

171 2511 348 2587 elicitirquc
370 2511 445 2570 locis
468 2513 627 2590 sanguis.
665 2531 737 2572 nam
758 2509 860 2570 fundit
881 2507 1007 2568 eundem

100 2610 152 2650 14⁶5
170 2601 218 2658 vel
241 2620 293 2658 ren
316 2600 365 2660 vel
386 2598 520 2675 lumbus,
543 2620 628 2679 epar,
651 2603 707 2661 aut
728 2599 798 2659 lilia
823 2602 878 2659 aut
898 2597 1042 2675 patientis

170 2689 295 2748 vulnera
318 2688 443 2750 vesicae.
481 2709 560 2749 nnnc
583 2709 676 2750 venae
700 2690 823 2749 vulnere
846 2687 959 2766 prodit,

171 2930 331 2998 Soranum).
370 2931 495 3001 sdicitur
518 2931 645 2984 diamnes
666 2931 747 2999 quasi
766 2931 884 2983 duorum
903 2929 1036 2984 damnum
1054 2945 1074 2982 s.
1095 2945 1199 2984 renum

173 3003 201 3055 et
223 3001 328 3055 vesicc’
347 3004 388 3056 Io.
408 3002 492 3072 Acyl.
514 3004 546 3056 irc
570 3003 647 3058 Rosa
672 3002 740 3056 med.
765 3002 784 3054 f.
801 3000 881 3054 99b2
905 3000 947 3056 ed.
966 2999 1057 3070 Lugd.
1078 3005 1149 3054 1602
1189 3002 1200 3074 Η

174 3076 244 3126 1440
258 3087 356 3140 quam:
375 3075 484 3143 q‘(que)
500 3074 515 3128 b
533 3073 543 3146 Η
563 3078 632 3128 1446
647 3073 765 3128 reddere
783 3073 835 3141 (oct
852 3071 975 3141 mittere)
993 3072 1052 3140 ipsc
1067 3088 1103 3126 eu
1194 3075 1200 3085 '

173 3143 307 3213 (violento
331 3142 408 3197 fluxu
431 3145 458 3212 b)
480 3143 490 3216 ll
514 3150 582 3199 1441
602 3143 711 3198 molitis
735 3146 833 3213 9tdpta
856 3143 970 3198 secretis
989 3143 1014 3198 b.
1051 3143 1087 3209 cs.
1103 3145 1145 3198 10.
1165 3143 1199 3196 fit

173 3217 268 3269 autem
296 3231 331 3270 ex
358 3214 482 3269 mollicie
510 3214 680 3270 lacertorum
710 3214 947 3270 circumdantium
974 3213 1078 3268 collum
1103 3215 1199 3270 vesica

173 3293 210 3349 (=
223 3285 398 3341 relaxatione
416 3285 585 3340 lacertorum
604 3287 634 3340 in
655 3286 730 3341 collo
748 3305 773 3340 v.
789 3287 873 3355 Pur.)
896 3286 907 3357 ΙΙ
930 3291 998 3340 1466
1017 3285 1134 3355 pinguis
1154 3289 1170 3341 b
1189 3287 1200 3358 ll

174 3362 243 3410 1462
262 3357 343 3412 inbre
362 3357 497 3412 continua
516 3357 532 3412 b

246 3433 315 3483 1466
334 3429 409 3484 mbr.
430 3426 606 3498 Sanguineus
629 3427 752 3482 minctus
777 3428 906 3497 signatur
926 3427 956 3482 in
974 3427 1030 3482 hiis
1049 3428 1200 3496 speciebus

175 3497 217 3568 61]
237 3498 391 3553 iuuenilis
411 3499 447 3565 cf.
467 3499 611 3554 odunt
