2584 3900
195 182 237 246 28
645 179 759 236 EGIDII

137 345 176 384 c4s
195 331 310 389 teneus
333 329 464 389 obdurat
485 331 603 407 pulsus,
627 331 764 390 acredine
787 330 923 410 linguam

196 418 332 493 obducit,
354 422 457 479 666666
480 420 584 479 urinas
607 420 707 481 efficit.
745 421 829 480 aetas

195 509 270 567 hora
293 508 394 568 diaeta
415 508 500 570 locus
523 511 554 568 et
576 508 761 585 complexiva
783 511 917 585 potestas

196 600 227 656 ct
248 599 396 657 nocturna
418 597 515 676 magis
538 599 671 658 invitans
694 597 768 658 hore
791 599 936 673 dolorem,

194 688 268 745 haec
290 686 348 746 tibi
369 686 498 751 lucidius
520 689 663 764 poterunt
684 687 848 746 describere
870 706 1000 748 causam.

138 795 177 835 666
269 775 484 851 Squinantis
507 778 621 853 species
644 780 704 836 tres
728 777 835 837 hurnor
857 776 960 853 lapsus
983 775 1022 836 ad
1045 795 1150 853 ysmon

196 866 340 941 procreet.
377 865 410 924 in
432 865 531 942 prima
552 867 649 942 replet
669 883 776 941 ysmon
798 867 864 925 tota
886 867 994 926 nociva

196 953 350 1028 materies,
373 973 427 1014 nec
450 954 537 1032 signa
558 954 633 1014 meli
655 956 805 1014 testentur
827 953 930 1014 edesse

196 1043 370 1119 perniciem,
393 1063 448 1103 nec
470 1045 556 1104 testis
580 1045 665 1103 adest
687 1046 798 1118 tumor,
821 1043 913 1102 immo
937 1043 1049 1104 doloris

195 1131 351 1208 praedicat
372 1133 524 1192 inmunem
546 1153 607 1207 non
629 1132 780 1192 inmutata
801 1133 899 1211 figura

139 1239 178 1280 ess
197 1241 251 1280 nec
274 1223 356 1282 color
379 1221 529 1282 adversus.
565 1223 714 1284 humanae
738 1221 888 1282 subtrahit
911 1241 1000 1300 aegro

197 1311 328 1370 officium
350 1311 432 1372 vocis
456 1314 486 1371 et
508 1311 592 1370 fandi
615 1312 744 1390 denegat
766 1329 854 1371 usum

197 1401 313 1477 passio,
336 1401 409 1459 dum
430 1403 508 1460 nutu
531 1401 687 1460 claustrali
709 1418 791 1460 more
813 1401 924 1480 figurat

198 1492 374 1567 conceptum
396 1491 504 1550 mentis
528 1492 558 1549 et
580 1490 700 1568 linguae
723 1490 790 1550 iura
813 1489 927 1549 silentis

197 1582 325 1656 usurpat
349 1578 470 1657 digitus.
508 1581 607 1640 cervix
630 1582 692 1640 stet
714 1578 814 1639 nescia
836 1578 926 1653 llecti,

140 1685 180 1725 666
197 1668 326 1745 pectoris
350 1671 478 1746 angusto
501 1671 586 1728 motu
608 1670 767 1745 tractuque
790 1686 907 1728 moroso

198 1757 296 1816 cordis
319 1757 357 1815 ad
381 1757 514 1816 officium
535 1758 624 1817 flatus
648 1759 702 1834 qui
725 1760 872 1818 caumatis
896 1761 1010 1816 aestum

198 1847 326 1925 castiget
348 1847 491 1922 trahitur,
514 1866 568 1907 nec
589 1848 771 1923 pertransire
795 1847 927 1906 ciborum

198 1936 310 2014 pabule
332 1955 386 1996 nec
409 1939 483 2013 potu
505 1936 586 1995 refici
608 1937 754 1996 violentia
777 1936 873 1996 morbi

198 2027 348 2104 permittit
369 2045 423 2085 nec
446 2025 580 2105 sugendo
603 2025 721 2086 sorbere
743 2025 876 2086 salivam.

142 2129 180 2170 ces
198 2117 307 2175 ultima
329 2116 396 2174 feta
419 2114 481 2175 dies
504 2115 619 2192 primus
642 2115 690 2174 vel
713 2116 800 2175 triste
823 2113 967 2174 secundus

199 2207 344 2283 provocat
366 2206 490 2264 exitium
512 2205 560 2264 vel
583 2204 675 2264 tertia
697 2203 840 2264 terminat
863 2203 945 2280 aegri

199 2293 382 2371 supplicium
404 2293 452 2352 vel
475 2295 584 2370 quarte
606 2295 687 2353 necis
710 2291 890 2352 determinat
911 2292 1023 2351 horam.

198 2383 304 2441 Altera
327 2381 496 2458 squinantis
520 2384 633 2458 species
655 2382 687 2441 in
710 2385 796 2458 parte
819 2379 955 2441 recondit

199 2473 282 2531 intus
305 2470 477 2546 materiem,
499 2490 570 2548 pars
594 2472 737 2530 exteriore
760 2471 878 2530 locatur

142 2577 181 2615 cro
199 2563 284 2637 parte
307 2560 397 2639 gulae
420 2561 619 2636 semivacuus,
643 2560 814 2620 conceditur
835 2579 920 2635 ysmo

272 2701 323 2749 647
343 2696 372 2748 66
391 2694 564 2763 complexiva
582 2713 609 2764 p.
629 2713 667 2750 m:
688 2696 716 2748 et
735 2693 891 2762 complexio
911 2693 1083 2748 consuetudo
1102 2711 1130 2762 p.
1150 2693 1165 2747 b

272 2771 324 2821 660
342 2767 416 2822 rubr.
436 2765 479 2820 De
498 2765 662 2834 squinancic
682 2766 775 2821 causis
794 2766 822 2819 et
842 2764 930 2834 signis
950 2766 974 2832 b,
994 2764 1029 2818 de
1046 2760 1211 2844 sagunencic

201 2853 284 2891 cause
304 2855 367 2891 cum
389 2837 478 2908 signis
496 2855 530 2892 m.
563 2839 595 2892 in
613 2844 689 2893 666666
707 2836 880 2906 squinantis‚
903 2841 935 2890 ct
953 2835 1077 2904 sincopis
1091 2851 1145 2904 pro
1161 2849 1211 2887 un·

702 2908 1033 2974 (lc

201 3051 314 3119 nantia,
336 3025 472 3120 sinentis,
494 3024 668 3121 sqbincntia)
688 3022 697 3124 i
715 2997 869 3120 squinddrci
888 3067 928 3117 m,
952 3018 1099 3118 -antis’bl
1119 2994 1211 3117 yeddon

202 3119 327 3191 (ἰσθμόν)
341 3124 385 3176 mb
398 3149 425 3168 =
438 3124 533 3190 fauces
549 3128 595 3192 (ec
608 3125 696 3192 Plau)
710 3123 720 3195 ll
735 3128 786 3178 666
801 3121 944 3192 Spniciem
960 3138 987 3175 m
1005 3119 1015 3192 Η
1033 3125 1085 3174 664
1104 3136 1159 3173 non
1177 3115 1210 3185 (fi)

201 3248 240 3283 m:
264 3246 316 3284 nec
335 3205 372 3298 (d)
393 3230 409 3284 b
430 3228 441 3302 ΙΙ
464 3234 515 3284 666
535 3213 623 3284 color}
647 3230 727 3284 dolor
747 3230 791 3284 rub
815 3228 872 3298 (sed
892 3228 969 3282 dolor
987 3233 1026 3282 cet
1043 3227 1212 3282 6666666666

201 3308 265 3356 terte
283 3301 367 3368 Plct.)
388 3298 400 3382 ll
425 3305 475 3354 667
495 3303 566 3354 nutu
590 3303 618 3356 b:
642 3301 715 3355 muti
737 3319 764 3355 m
785 3299 796 3372 ll
819 3303 871 3355 668
891 3300 920 3354 ct
943 3316 982 3353 m:
1008 3315 1072 3353 cum
1096 3298 1112 3352 b
1133 3297 1144 3370 ll
1166 3297 1211 3350 666

202 3373 325 3442 castigat
344 3373 359 3426 b
381 3370 392 3444 ΙΙ
418 3377 469 3426 664
488 3373 631 3443 suggendo
650 3373 694 3427 mb
715 3371 726 3442 d
750 3377 801 3426 666
820 3372 866 3426 fc‘a
885 3371 982 3444 (fecta)
1002 3372 1018 3426 b
1040 3369 1050 3443 d
1073 3373 1125 3425 668
1143 3367 1210 3424 mbr·

202 3479 236 3533 oe
257 3479 347 3534 utus
368 3480 461 3548 specie
484 3496 511 3533 m
529 3480 590 3548 (om.
610 3480 637 3549 6)
657 3483 662 3550 1
683 3478 842 3546 aquinensis
864 3481 908 3535 mo
932 3443 1048 3550 (sinsus
1075 3484 1108 3532 ut
1134 3485 1211 3546 sopra

203 3551 227 3619 6)
250 3549 261 3622 ΙΙ
284 3556 335 3605 660
354 3550 477 3622 gulam:
496 3549 565 3620 gula
584 3552 599 3605 b
620 3554 625 3619 Ι
646 3550 806 3606 semivacua
824 3552 868 3606 mb
889 3553 893 3621 Ι
914 3549 1079 3606 conceditur
1096 3553 1174 3619 yeme
1191 3543 1211 3606 l.
