2584 3900
144 99 186 162 36
595 95 710 149 nomn

143 246 277 306 membra
300 246 404 305 sedens
429 246 555 304 subnixa
578 246 669 324 regit,
693 246 799 305 febrile
823 246 954 321 quietem

144 354 251 394 cauma
273 337 377 414 negat,
400 335 515 413 frigdor
538 337 684 394 extremos
708 339 835 411 occupat
858 339 942 394 artus

143 445 211 484 cum
234 425 340 500 nequit
361 424 599 484 inclususcalor
621 424 660 482 ad
682 427 834 501 postrema
856 425 975 484 refundi
1060 445 1061 448 ¹

143 515 239 573 cordis
263 513 295 572 in
318 517 446 591 angusto
471 517 567 588 motu,
591 513 763 589 sputamina
785 515 887 574 multa·

85 624 124 664 ses
142 623 212 662 rara
234 603 320 678 facit,
344 603 428 662 dolor
450 603 482 660 in
505 603 640 679 spatulas
664 602 811 677 ascendit,
834 604 962 662 inundat
1062 620 1067 627 ·

142 693 174 751 in
197 693 274 752 facie
297 693 400 766 sudor,
425 693 512 751 solito
536 692 604 769 plus
629 693 710 752 clara
732 693 845 752 relucet

143 803 178 839 ex
202 782 296 842 oculis
318 781 440 840 radians
464 781 583 856 albede,
606 783 722 846 tumore
745 782 863 842 levatur

142 871 287 947 palpebra
309 873 491 948 turgescens,
520 872 637 934 ¹nothus
661 870 697 929 <le
721 870 865 948 sanguine
888 871 1010 930 morbus

142 960 190 1019 vel
213 962 311 1019 colera
334 961 382 1019 vel
405 960 474 1018 felle
496 959 599 1038 nigro,
623 960 658 1017 de
681 961 826 1038 flegmate
842 979 938 1020 verus.
1005 978 1009 984 ·

85 1069 124 1108 sse
143 1049 321 1109 confirmant
342 1048 412 1107 fidei
434 1049 520 1107 fedus
545 1049 727 1124 dubiumque
751 1050 886 1127 relegant
982 1067 986 1072 ”

141 1140 309 1215 inspectum
332 1141 463 1214 tempus,
487 1141 582 1212 astae,
606 1138 783 1214 complexio,
807 1139 925 1214 pulsus,
967 1155 970 1160 ·

142 1229 219 1304 vita,
242 1229 339 1303 locus,
363 1247 463 1302 sexus,
487 1227 599 1287 discors
622 1227 745 1288 infectio
769 1231 884 1306 gustus.

205 1317 374 1386 ,Asmatis
398 1318 430 1375 in
453 1317 565 1392 species
588 1318 684 1377 trinas
708 1317 826 1378 diversa
850 1321 968 1378 secatur
1082 1339 1084 1344 ·

142 1407 295 1484 pernicies.
332 1425 403 1478 nam
426 1405 543 1465 difficili
565 1407 660 1465 trahit
683 1426 752 1466 aera
774 1409 858 1466 motu

85 1514 124 1554 ees
141 1497 293 1571 inspirans
316 1496 406 1574 longo
429 1497 529 1555 tractu
552 1495 732 1571 compressio
756 1496 831 1554 dura

142 1587 289 1662 sansugii‚
313 1585 446 1663 graviter
468 1585 586 1661 expirat
608 1585 772 1660 anhelitus,
796 1604 893 1661 acqua

142 1677 226 1733 lance
249 1674 425 1751 bipertitum
449 1673 524 1733 facit
547 1675 695 1734 orthomia
718 1693 889 1752 gravamen.

142 1782 233 1823 causa
255 1765 330 1822 mali
352 1783 432 1822 nunc
454 1765 486 1822 in
510 1765 650 1839 pulmone
672 1763 842 1824 reconditus
865 1764 986 1838 humor,

123 1867 219 1912 'nunc
242 1853 369 1930 simplex
390 1853 483 1912 talem
505 1871 644 1929 pressura
667 1857 804 1930 procreat
827 1852 939 1929 absque

85 1961 124 2000 ero
140 1943 274 2002 humoris
297 1943 386 2017 vitio,
410 1962 490 2001 nunc
514 1941 670 2001 debilitata
692 1943 831 2002 movendi

141 2032 249 2106 virtus,
273 2033 381 2092 vicinis
404 2051 482 2091 nunc
506 2031 631 2091 artubus
656 2032 765 2108 accipit
788 2034 887 2091 ortum

213 2172 265 2220 868
285 2166 374 2219 frider
393 2168 451 2234 (sic)
471 2167 608 2219 extremos
628 2167 656 2234 b:
676 2165 747 2218 fluor
766 2167 905 2220 extremus
925 2183 951 2218 m
969 2164 978 2236 Η
997 2167 1168 2232 8648161168-

141 2238 219 2290 mina
237 2237 328 2290 multa
347 2254 386 2291 mr
405 2238 568 2305 sputamina
583 2238 698 2306 sputum
717 2238 732 2291 b
750 2237 759 2308 Η
778 2242 830 2291 866
847 2236 962 2306 spatl’as
982 2237 1009 2290 b:
1030 2235 1168 2304 scapulas

142 2327 169 2362 m
191 2307 200 2380 Η
224 2313 275 2362 867
300 2307 400 2361 albedo
414 2335 441 2354 =
454 2310 648 2374 Awrcl.2,11
671 2309 680 2379 Η
704 2313 755 2362 868
778 2308 917 2377 palpebra
939 2306 1056 2376 14681821
1078 2309 1168 2362 notus

142 2377 250 2448 (νόθος)
274 2397 313 2433 m:
338 2380 421 2432 natus
445 2380 460 2432 6
485 2382 542 2448 (qai
566 2381 635 2434 alibi
659 2380 762 2434 nothus
787 2384 864 2434 1409.
885 2381 964 2447 2100)
987 2378 997 2450 Η
1020 2382 1072 2432 860
1097 2396 1168 2434 con-

141 2452 236 2504 firmat
251 2493 274 2504 ..
288 2493 294 2504 .
308 2449 417 2519 relegat
435 2451 479 2504 ml>

214 2528 265 2577 866
291 2523 367 2576 rubr.
393 2521 435 2574 De
461 2522 577 2574 asmatis
603 2522 749 2590 speciebus
776 2522 868 2576 causis
894 2523 922 2574 et
948 2519 1036 2589 signis
1062 2522 1091 2587 b,
1121 2521 1167 2575 De

143 2595 270 2648 aematho
288 2612 322 2648 m.
361 2593 395 2659 cf.
411 2593 477 2648 Sica
491 2609 512 2647 e.
529 2609 608 2646 asma
628 2596 632 2662 Ι
654 2594 764 2648 diversa
783 2611 821 2648 m:
846 2592 971 2646 divisab
993 2591 1016 2715 Η
1025 2596 1078 2645 866
1098 2608 1167 2646 san-

142 2665 255 2734 augium
268 2684 287 2719 a
300 2666 471 2734 sanguisuga
484 2665 586 2718 dicitur
601 2681 651 2719 sec.
668 2667 741 2720 Plat.
770 2664 838 2732 quia
851 2663 983 2717 laborans
1019 2678 1052 2716 ao
1067 2666 1167 2731 specie

142 2734 254 2790 laborat
276 2737 308 2789 in
331 2737 502 2790 attractione
526 2735 599 2789 aeris
623 2736 861 2804 quemadm0dum
884 2736 912 2788 et
934 2734 1107 2804 sanguisuga
1134 2737 1166 2790 in

143 2807 312 2861 attractione
328 2808 481 2878 sanguinis.
514 2809 563 2862 ltcc
578 2806 731 2877 suffugium
750 2825 783 2864 ex
795 2807 992 2862 Aurelio-Eae.
1008 2806 1078 2860 ercle
1097 2808 1165 2877 lepi-

142 2885 189 2932 twr
207 2880 252 2947 cp.
272 2879 380 2947 Gar.2‚
395 2883 440 2934 13:
458 2897 524 2934 acm
542 2880 582 2932 sic
600 2880 679 2933 tabet
697 2880 826 2948 Escolcp.
846 2895 867 2932 c.
880 2882 915 2933 19
934 2876 1046 2946 dispuia
1064 2878 1167 2934 autem

143 2966 302 3004 samsucum
326 2952 375 3019 (sic
399 2952 457 3005 cod.
480 2952 563 3020 Aug„
586 2951 635 3004 abi
658 2950 844 3004 suumsotium
867 2948 974 3016 scalt.)
998 2949 1168 3004 nominatur

143 3037 253 3090 semper
270 3021 389 3074 interius
409 3022 446 3074 ad
465 3037 494 3075 se
512 3021 627 3076 trahens
647 3021 784 3075 anelitum
803 3025 882 3090 (quae
903 3021 1051 3090 appellatio
1069 3021 1102 3075 ia
1120 3025 1167 3079 ed.

142 3110 164 3147 c.
175 3098 213 3148 20
232 3093 376 3158 omittitur,
394 3094 553 3148 eliminatur
571 3095 603 3147 ia
621 3094 679 3148 cod.
695 3093 798 3160 Ousia,
816 3094 865 3147 abi
884 3092 996 3160 dipsnia
1015 3093 1110 3146 autem
1130 3099 1168 3148 ut

143 3180 229 3232 supra
247 3164 393 3222 docuimus
412 3165 574 3217 nominatur
590 3167 642 3233 ...)
660 3164 669 3236 Η
689 3169 740 3218 867
754 3163 892 3232 bipertito
906 3164 989 3233 (tur)
1003 3181 1030 3218 ra
1045 3165 1050 3233 1
1067 3163 1168 3220 ortho-

142 3252 201 3306 mia
223 3255 242 3306 i.
262 3270 283 3308 e.
303 3254 448 3322 crthopata
467 3253 654 3322 (Gar.2,14)
676 3256 680 3322 Ι
701 3254 801 3323 gravem
824 3271 851 3308 m
874 3251 884 3324 Η
910 3257 961 3306 868
984 3252 1165 3310 reconditus:

142 3324 206 3376 -tur
224 3325 268 3379 mb
290 3323 300 3397 Η
324 3329 375 3378 869
394 3323 457 3378 Nuc
476 3325 504 3378 b:
523 3323 588 3378 Non
606 3343 633 3380 aa
653 3326 657 3392 Ι
677 3339 820 3393 pressura:
839 3329 889 3376 -rit
907 3325 950 3378 mo
972 3323 982 3395 Η
1005 3328 1057 3378 870
1076 3330 1112 3378 n'c
1133 3328 1165 3382 b:

143 3398 179 3447 no
198 3412 224 3449 m
240 3397 245 3464 Ι
260 3396 391 3450 movendi
411 3397 438 3450 b:
458 3395 577 3450 nocendi
596 3413 623 3450 m
640 3395 649 3467 Η
668 3401 718 3449 871
738 3395 842 3449 uicinis
860 3413 898 3450 m:
919 3395 949 3449 in
968 3395 1047 3449 cunis
1067 3396 1090 3450 b.
1121 3400 1167 3454 sic

143 3467 184 3522 10.
205 3469 251 3533 (es
271 3467 412 3523 Constant.
431 3470 519 3533 3,11)
543 3467 685 3522 interdum
710 3483 743 3520 ex
766 3466 835 3519 vitio
858 3466 1050 3535 spiritualium
1072 3483 1166 3524 mem-
