2604 3900
544 163 711 219 VIATICUS

117 313 222 391 exigit.
258 333 293 372 ex
316 315 423 390 quovis
445 315 519 374 haec
541 314 725 391 respiracula
748 333 819 375 casu

42 424 95 466 uss
117 402 275 477 deficiunt,
298 402 426 463 necdum
447 403 643 481 praescriptio
667 404 808 480 temporis
831 406 927 466 instat

117 491 275 570 praedicti.
313 492 433 571 signum
457 492 589 553 defectus
612 493 724 571 grande
748 493 859 553 doloris

117 582 303 659 supplicium
326 584 418 658 caput
438 582 598 657 infestans,
621 583 757 657 fastidia,
779 602 885 642 renum

118 673 152 730 et
175 669 256 731 dorsi
278 670 425 750 gravitas,
448 672 604 731 oculorum
628 672 705 732 livor
728 672 907 732 obumbrans

117 759 246 836 radiosa,
270 760 387 836 pondus
410 761 536 836 ventris,
560 761 728 821 stomachus
752 762 854 821 vitiosi

44 871 98 912 iesu
118 851 238 910 nescius
261 850 395 925 effectus,
418 850 494 909 facie
519 849 699 926 quandoque
721 850 871 910 resultans

119 938 246 1016 pustula
268 939 452 1014 deformans,
474 939 507 997 in
529 942 616 999 motu
638 939 771 999 membra
794 942 978 1018 pigrescunt,

118 1029 238 1088 loturae
261 1028 358 1087 carnis
382 1027 486 1089 effusio
509 1029 558 1088 vel
581 1029 655 1106 picis
678 1029 776 1089 instar

119 1119 209 1195 nigra
231 1116 307 1177 fluit.
353 1117 439 1177 Facit
461 1118 541 1177 huno
563 1118 712 1177 defectum
735 1136 861 1194 corpora
884 1136 975 1179 causa

119 1209 285 1266 extenuans
308 1206 457 1282 morbum,
480 1206 556 1281 irae,
580 1207 705 1281 ieiunia,
729 1225 801 1266 cura

46 1315 99 1356 reas
118 1295 278 1370 tristitiam
302 1297 405 1371 timor,
429 1296 582 1372 excubiae,
606 1297 770 1371 complexio
793 1296 884 1369 sicca,

120 1384 276 1462 sanguinis
300 1404 441 1446 emanans
463 1389 547 1445 rivus
570 1403 637 1444 cum
659 1385 781 1444 naribus
805 1385 866 1444 erit

119 1474 170 1534 vel
191 1475 288 1533 fluxus
311 1474 432 1533 aliunde
455 1475 532 1534 fluit.
568 1477 640 1533 tunc
664 1475 749 1552 signa
771 1474 922 1534 notabunt

118 1563 180 1623 ista
203 1562 304 1638 fidem,
327 1563 451 1639 macies,
476 1564 620 1638 defectus,
645 1564 744 1640 pallor
767 1563 898 1638 adulter,

119 1655 226 1712 urinae
248 1654 347 1712 tenuis
370 1652 547 1713 substantia.
593 1652 755 1730 Praepedit
775 1653 836 1713 ista

46 1761 100 1802 isso
119 1743 230 1802 humor
251 1741 397 1826 viscosus,
420 1742 540 1821 pinguis
563 1742 698 1818 habitus,
723 1761 847 1803 carnosa
869 1742 978 1820 figura,

119 1832 234 1891 multus
257 1831 288 1890 in
310 1833 411 1907 urina,
434 1851 626 1911 praecurrens
649 1851 753 1910 grossa
776 1832 884 1891 diaeta.

120 1925 254 1997 tempore
277 1939 339 1997 quo
360 1920 445 1980 reddi
468 1925 594 1981 naturae
618 1921 717 1980 debita
740 1921 820 2000 leges

120 2012 286 2088 exposcunt
308 2030 362 2069 nec
384 2011 428 2068 nil
451 2013 580 2089 augetur
602 2029 706 2088 grossa
729 2011 866 2070 deorsum

120 2099 299 2177 muscillago
323 2099 430 2174 fluens,
454 2099 508 2159 sub
531 2102 651 2176 pectore
673 2098 790 2175 pondus
812 2100 939 2158 honesta

48 2207 100 2248 ross
119 2188 255 2248 membra
277 2207 421 2264 gravans,
443 2207 528 2247 renes
550 2189 696 2248 infestans
719 2190 833 2266 passio,
856 2186 966 2247 matrix

195 2400 264 2449 1624
283 2410 362 2448 casu:
389 2395 424 2460 cf.
444 2396 483 2448 Io.
505 2395 711 2448 Menstruorum
735 2395 859 2450 retencio
885 2412 934 2450 seu
957 2395 1065 2450 ablatio
1090 2397 1140 2450 aut

120 2466 166 2520 est
192 2465 329 2519 naturahs
358 2468 408 2519 aut
441 2466 633 2520 accidentalis.
667 2467 805 2521 naturalis
833 2484 897 2521 cum
925 2467 1083 2521 retinentur
1110 2467 1140 2520 in

120 2539 274 2592 senectute.
299 2536 482 2592 accidentalis
501 2537 533 2590 fit
554 2553 587 2592 ex
604 2537 727 2592 tristicia
747 2539 887 2593 continua.
912 2539 1020 2608 gemitu
1038 2538 1139 2593 timore

120 2610 166 2663 ira
188 2607 302 2662 ieiunio.
325 2608 432 2677 vigiliis
455 2609 559 2663 nimiis.
585 2609 626 2662 Ex
650 2608 726 2662 fluxu
750 2609 894 2680 sanguinis
917 2626 968 2678 per
990 2624 1073 2662 nares
1094 2609 1141 2665 vel

119 2696 174 2749 per
198 2680 386 2748 amorroydas.
414 2682 443 2735 et
468 2697 501 2734 ex
526 2679 660 2735 febribus.
688 2680 822 2736 deficiunt
847 2682 915 2735 item
939 2682 1082 2734 menstrua
1106 2697 1141 2735 ex

120 2753 299 2821 apostemate
324 2752 460 2806 matricis.
486 2753 537 2805 aut
561 2767 595 2805 ex
620 2751 784 2806 humoribus
810 2752 914 2821 grossis
940 2754 969 2806 et
991 2751 1106 2807 viscosis
1130 2752 1141 2824 ΗΗ

122 2828 193 2877 16116
226 2824 329 2893 (perpet
355 2825 411 2891 Io.)
445 2823 533 2892 Signa
567 2822 693 2877 defectus
725 2826 930 2878 menstruorum
963 2826 1029 2878 sunt
1061 2823 1141 2878 dolor

121 2894 234 2961 capitis.
263 2893 330 2948 colli
357 2895 434 2950 dorsi
461 2896 490 2948 et
520 2893 672 2949 oculorum.
705 2895 829 2964 gravitas
857 2894 998 2949 inferioris
1025 2895 1139 2950 ventris.

121 2965 278 3020 fastidium.
304 2965 395 3020 malus
420 2965 572 3035 appetitus.
598 2968 626 3020 et
649 2967 677 3034 (1.
696 2969 737 3035 ut)
763 2964 916 3020 carbonum
938 2967 988 3020 tofi
1012 2969 1041 3022 et
1064 2967 1139 3021 simi-

120 3037 201 3091 lium.
228 3038 312 3090 urina
339 3038 422 3107 nigra
447 3037 492 3092 vel
519 3037 676 3106 eruginosa.
705 3039 755 3091 aut
782 3037 864 3106 quasi
891 3037 1020 3092 lavatura
1048 3038 1140 3092 carnis

121 3109 256 3176 (noscitur
281 3111 366 3178 cura).
408 3112 449 3164 10.
474 3109 519 3163 hic
543 3110 632 3163 utitur
657 3108 837 3165 Constantino
863 3111 940 3175 (viat.
965 3115 992 3176 6,
1011 3113 1054 3178 9),
1079 3127 1141 3164 cam

121 3183 230 3236 Ioanne
243 3183 345 3250 conflat
354 3181 528 3236 Plateariwm
538 3181 667 3250 Epidius.
688 3180 722 3246 cf.
731 3182 941 3237 Arcbimothcaa
953 3181 983 3237 0.
993 3181 1020 3236 S.
1030 3181 1060 3245 V,
1069 3184 1123 3235 358
1132 3181 1141 3253 ΗΗ

124 3292 192 3342 1661
209 3269 320 3342 defor‘iis
340 3289 356 3342 6
374 3287 384 3360 ΗΗ
409 3293 477 3344 1663
498 3288 555 3342 icor
575 3287 699 3356 sequitur
716 3288 853 3342 Platcarii
871 3289 972 3358 suplex
989 3288 1115 3345 causatio
1132 3286 1142 3358 ΗΗ

123 3398 195 3448 1669
213 3381 457 3464 pped‘(perpedit)
477 3395 493 3448 6
516 3393 527 3518 Η
553 3399 621 3448 1642
641 3380 678 3448 rit
698 3396 819 3463 (natira)
839 3395 854 3448 b
877 3394 887 3466 ΗΗ
911 3399 979 3448 1646
998 3371 1017 3448 d
1035 3394 1077 3448 nil
1095 3395 1111 3450 6
1132 3393 1142 3466 ΗΗ

124 3471 195 3521 1644
213 3464 364 3536 musillago
383 3466 399 3520 b
414 3465 514 3535 (nuscil
527 3481 580 3536 ago
599 3469 712 3520 v.1166.
726 3469 803 3531 1188,
821 3471 853 3518 at
865 3480 968 3532 semper
982 3467 1141 3522 Platearius

121 3542 151 3592 et
168 3536 349 3605 sternitum)
367 3539 371 3606 Η
387 3535 509 3591 honusta
528 3538 544 3591 6

945 3640 980 3694 δή
