2604 3900
536 167 704 222 VIATICUS

188 319 259 378 Tres
282 318 525 379 dissenteriae
549 319 661 395 speeies
686 318 869 396 distinguere
892 335 995 378 sensus

108 408 242 469 visibilis
265 408 383 468 dicitur.
420 409 453 467 in
475 407 573 485 prima
595 408 750 486 sanguinis
772 405 854 466 unde

31 517 88 558 nes
109 519 184 558 cum
207 498 353 559 stomachi
375 499 458 558 faece
479 498 609 573 rapitur,
631 515 738 556 rasura
760 495 906 556 secundae

109 588 256 647 villorum
278 605 377 646 comes
400 589 458 662 est,
481 587 614 646 admixto
638 585 783 664 sangnine
806 586 904 646 frusta

110 677 206 736 tertie
227 675 375 753 producit.
411 694 490 735 nuno
512 675 657 736 intestine
679 694 818 752 suprema

111 769 194 826 hunc
216 767 333 825 faciunt
354 766 481 841 fluxum,
506 764 612 825 mediis
636 784 714 824 nunc
737 764 862 823 flumine
885 764 973 824 laesis

113 855 272 934 sanguinis
296 858 470 931 erumpunt,
492 873 572 914 nunc
594 855 676 914 laesa
698 853 861 914 novissime
884 855 997 913 ventris

36 964 94 1003 nso
113 944 248 1005 officium
270 945 434 1004 stimulant
473 943 562 1003 laesis
586 945 735 1020 punctura
758 942 904 1020 supremis

113 1055 152 1094 ex
174 1033 310 1094 umbilici
333 1033 434 1110 prodit
455 1035 576 1112 regione
599 1051 746 1109 supreme.

113 1123 250 1183 nascitur
271 1122 397 1182 inferius
421 1123 573 1201 attingens
596 1123 723 1198 pectinis
747 1139 815 1181 oras

113 1211 260 1272 intestine
281 1213 386 1271 terrem
410 1211 496 1272 dolor
517 1212 629 1271 infima.
666 1212 693 1271 si
714 1211 797 1270 locus
820 1211 872 1269 ille

115 1301 260 1378 laeditur,
284 1321 320 1360 ex
342 1302 432 1361 laesis
456 1300 602 1378 supremis
625 1300 751 1360 ultimus
774 1300 838 1358 exit

39 1409 96 1451 nes
115 1392 254 1470 sanguis,
278 1390 330 1468 qui
352 1391 449 1450 multo
472 1391 615 1466 respersit
638 1390 784 1466 sanguine
807 1390 917 1463 faeces,

116 1484 149 1541 et
171 1481 257 1541 dolor
279 1481 402 1557 accepta
425 1480 535 1557 pungit
556 1478 717 1539 violentior
740 1495 815 1538 esee.

114 1571 221 1629 infima
244 1569 270 1630 si
292 1569 387 1630 laedit
409 1568 541 1643 occasio,
563 1568 685 1628 flumine
709 1585 802 1645 parvo

116 1662 215 1719 faeces
238 1660 387 1736 percurrit
408 1657 542 1738 sanguis.
587 1657 638 1716 Fit
660 1658 761 1734 passio
785 1674 875 1716 causa

116 1748 293 1826 multiplici,
316 1750 431 1808 colerae
455 1748 541 1807 firriis
565 1766 657 1824 quam
680 1747 792 1824 promit
814 1745 853 1804 ad
875 1764 964 1806 usum

43 1857 99 1896 114⁰
119 1839 199 1898 actio
221 1840 361 1913 natiuae,
385 1839 433 1898 vel
456 1837 482 1897 si
505 1837 587 1896 calor
609 1838 748 1913 excoquit
771 1837 856 1895 sotus

117 1930 246 1987 naturae
269 1928 431 2005 perimens,
453 1927 588 1987 humoris
612 1925 747 1985 acumine
771 1926 872 2001 quarti

118 2036 209 2093 quem
232 2017 314 2077 calor
336 2035 460 2076 exurens
484 2017 609 2075 naturae
633 2013 833 2090 perniciosum

118 2105 272 2183 producit,
294 2105 368 2165 forti
390 2105 537 2166 salsedine
559 2103 708 2182 flegmatis
732 2103 828 2180 aegri,

118 2197 168 2254 vel
191 2195 288 2272 epatis
312 2195 386 2255 vitio
409 2193 482 2254 dum
505 2195 587 2254 laese
610 2194 731 2253 staltica
753 2193 848 2252 virtus

88 2285 232 2357 33311311,
256 2285 309 2344 aut
331 2283 453 2362 sanguis
477 2285 575 2362 legem
596 2286 803 2360 transgressus
825 2280 953 2340 inundet

120 2373 247 2433 artubus
270 2373 452 2449 absumptis,
475 2374 524 2433 vel
546 2372 679 2432 mordaci
702 2370 858 2430 medicina.

120 2463 147 2523 si
171 2463 286 2523 colerae
308 2463 393 2522 timor
415 2461 552 2538 offendit,
575 2463 643 2521 faex
665 2461 731 2520 visa
754 2462 868 2520 fatetur

121 2571 207 2612 cerea
229 2553 277 2612 vel
299 2551 404 2611 viridis
428 2553 476 2611 vel
499 2551 585 2630 nigro
609 2550 754 2628 sanguine
776 2551 881 2609 tincta.

121 2643 148 2702 si
171 2642 237 2702 sitis
260 2641 394 2701 incendit
416 2642 518 2701 fauces
542 2643 573 2700 et
594 2643 702 2718 regnet
725 2658 845 2700 emerus

196 2799 263 2848 1123
288 2793 364 2848 rubr.
389 2791 430 2846 De
454 2792 614 2847 dissinterie
640 2792 729 2862 signis
755 2790 846 2846 censis
872 2788 1018 2860 speciebus
1044 2789 1072 2856 b
1099 2789 1140 2844 De

122 2863 270 2935 speciebus
292 2864 458 2919 dissenterie
481 2882 509 2919 m
532 2865 597 2934 (ct
589 2882 620 2917 111
642 2881 728 2935 marq.
747 2865 822 2918 rubr.
843 2861 934 2915 Cruda
955 2859 1020 2930 lyen
1046 2860 1049 2932 1
1076 2861 1141 2915 sim-

121 2937 188 3007 plex
211 2935 431 3061 (13131ἱῶ3133
454 2940 505 3005 sag
526 2935 528 3008 1
550 2952 611 2990 une
634 2933 1142 3001 diesen=u.33010.S.V,97ubi

122 3007 309 3090 sanguinei
300 3007 384 3075 seen)
402 3006 405 3078 1
422 3006 588 3062 dissenteria
604 3025 643 3062 m:
663 3007 821 3061 dissinterie
836 3007 852 3061 b
870 3005 880 3080 11
899 3011 968 3060 1125
987 3004 1141 3074 rapiturb:

122 3079 246 3148 erumpit
268 3077 328 3150 3311
351 3083 420 3132 1129
444 3078 503 3132 lesa
525 3079 728 3134 novissimab:
752 3095 802 3132 om.
827 3080 868 3147 (iu
890 3077 1045 3149 31331311
1072 3081 1139 3128 1131

121 3149 258 3206 umbelici
277 3151 292 3204 3
314 3149 325 3222 11
348 3155 417 3204 1132
436 3149 519 3204 horas
538 3151 592 3220 (bic
609 3151 718 3219 1333331)
738 3150 839 3218 31333
862 3150 899 3217 m)
921 3149 932 3220 11
956 3153 1026 3202 1134
1045 3163 1090 3202 ex:
1113 3148 1141 3198 et

122 3225 167 3279 mb
184 3223 194 3295 11
214 3220 536 3288 morimundensis
555 3220 702 3292 dedituri!
721 3225 790 3274 1138
807 3221 939 3291 pturiitb
958 3219 968 3290 11
987 3223 1055 3273 1139
1070 3216 1141 3269 mul-

121 3313 1141 3402 1131131ιιιιι113131133333113133133·3113333131111403133

123 3349 254 3471 pp(q)uod
269 3371 1140 3472 311114433133313311113333(1313333133311133

124 3473 225 3529 celtica
242 3399 1142 3542 3113333333)11313318133331313

122 3545 228 3598 vicium
250 3474 339 3598 virtius
362 3543 454 3613 legem
478 3544 583 3613 (sic)m
639 3548 707 3596 1146
727 3539 935 3608 absumptisb:
960 3535 1092 3590 assumtis
1115 3553 1140 3588 m
