2584 3900
198 187 276 244 XXII

200 342 231 398 66
260 339 384 400 clericus
414 341 445 399 et
471 341 641 417 prepositus
670 339 743 400 olim
772 341 941 400 scholarum
971 341 1034 402 eius
1058 342 1223 402 defendam

200 429 380 488 sententiam
409 424 564 507 magistri'
591 423 650 511 (sic
679 450 715 488 ex
744 429 806 490 cod.
835 429 927 490 ctiam
956 430 1071 490 Denifle
1105 432 1223 494 Archiv

200 517 249 576 ffir
280 516 352 578 Litt.
380 537 409 579 u.
437 516 500 578 KG.
528 518 579 578 des
611 517 679 578 MA.
706 518 735 594 1,
758 511 852 600 407),
883 518 1046 580 Lombardi
1075 520 1139 581 soil.
1164 522 1224 598 qni

200 605 357 685 episcopus
380 606 558 668 Parisiansis
582 603 771 688 61158159
797 603 835 687 (†
855 601 964 690 1160).

271 695 316 754 De
345 699 442 756 morto
465 696 576 756 Adami
604 696 679 757 libet
707 698 839 775 primum
867 700 1000 774 repetere
1028 718 1104 774 quae
1132 719 1222 775 prae·

199 784 273 844 bent
289 785 375 846 Fasti
392 785 553 864 Anglicani
572 780 630 867 (Le
648 779 871 867 Neve-Hardy)
891 787 955 846 Τ.Ι
973 779 1091 870 (1854)
1115 809 1145 865 p.
1162 790 1223 849 63:

200 869 310 933 ‘Adam
333 893 352 934 a
375 893 471 935 canon
494 876 528 934 of
543 876 688 936 Pershore
711 895 773 936 was
797 876 961 953 appointed
984 895 1023 936 on
1045 877 1096 936 the
1120 877 1224 955 depri-

200 963 304 1024 vation
331 965 366 1023 oi
390 963 529 1041 Godfrey.
574 964 621 1024 He
648 983 709 1025 was
735 966 925 1025 consecrated
952 968 984 1026 at
1006 965 1226 1027 westminster

200 1072 240 1113 on
260 1053 383 1129 Sunday
404 1055 454 1113 12.
469 1052 532 1113 Oct.
550 1056 635 1114 1175
651 1049 772 1133 [Ymag.
786 1054 865 1114 Hist.
879 1054 915 1114 de
934 1054 1039 1116 DIoeto
1058 1057 1112 1115 col.
1126 1055 1223 1133 5871

201 1141 246 1202 He
274 1141 343 1202 died
370 1145 404 1202 at
426 1141 539 1203 Oxiord
563 1143 596 1203 in
621 1145 703 1203 1181
730 1141 853 1220 [Annal.
871 1142 1003 1204 Warcrl.
1022 1144 1165 1204 Teokssb.
1190 1148 1226 1205 et

200 1229 359 1308 desinens]
393 1233 452 1292 and
483 1251 546 1292 was
577 1232 683 1292 buried
712 1232 745 1291 in
775 1233 826 1292 the
858 1236 1029 1309 monastery
1059 1234 1093 1292 of
1117 1231 1226 1312 Osney

202 1317 270 1398 [Ms.
293 1320 410 1382 Cotton.
433 1319 529 1382 Galba
551 1316 692 1398 AVH].'
727 1323 790 1381 iam
813 1321 948 1382 adscribo
976 1323 1045 1399 ipsa
1067 1323 1160 1383 verba
1183 1344 1225 1384 ex

199 1409 368 1470 Annalibus
399 1410 573 1472 monasticis
606 1405 672 1492 (88.
695 1430 751 1470 rer.
774 1403 865 1492 Brit.)
893 1430 912 1470 6
939 1411 974 1470 R.
994 1411 1095 1471 Luard
1127 1412 1224 1473 editis

201 1492 236 1582 (5
256 1500 326 1560 voll.
345 1498 378 1558 L.
396 1501 480 1560 1864
504 1491 585 1580 sqq.)
608 1501 647 1560 ad
670 1501 800 1560 a.1181
827 1500 869 1560 sic
891 1502 1004 1578 positar

271 1588 430 1649 Annales
461 1588 695 1649 Oseneicnses
726 1582 866 1670 (monast.
895 1590 928 1649 in
958 1588 1085 1649 Oseneia
1115 1589 1225 1652 insula
1284 1637 1285 1662 .

200 1677 283 1738 urbis
302 1671 484 1758 Oxeneford)
502 1698 532 1754 p.
548 1677 588 1736 39
609 1673 682 1759 (vol.
696 1678 740 1736 IV
758 1677 792 1738 L.
806 1672 920 1759 1869):
936 1674 1035 1738 ‘Obiit
1047 1679 1225 1740 Alexander
1284 1663 1285 1676 ¹

200 1785 281 1844 papa
303 1767 411 1826 tertius
431 1767 614 1826 ...Eodem
638 1786 716 1826 anno
743 1770 905 1828 mortuus
934 1771 989 1828 est
1014 1768 1109 1846 apud
1133 1766 1223 1829 Ose·

200 1857 317 1916 nciam
345 1855 457 1915 Adam
490 1855 681 1934 episcopus
715 1856 840 1916 Sancti
872 1856 993 1934 Asaph
1025 1860 1055 1917 et
1081 1857 1224 1936 Rogems

200 1945 397 2006 Eboreccnsis
421 1941 681 2024 archiepiscopus?

272 2034 430 2095 Annales
451 2034 734 2096 Waverleiensas
762 2055 791 2111 p.
812 2036 875 2093 242
906 2027 978 2115 (vol.
997 2034 1028 2092 ΙΙ
1059 2034 1091 2094 L.
1113 2029 1223 2117 1865)
1283 2033 1284 2114 1

201 2120 353 2184 ...Ἧοο
382 2143 460 2185 anno
491 2124 630 2184 obierunt
652 2125 787 2203 Rogems
811 2123 939 2200 archiep.
963 2123 1159 2185 Eboraccnsis
1189 2129 1224 2185 et

201 2213 297 2272 Adam
316 2233 361 2289 ep.
376 2213 412 2273 de
432 2212 541 2275 Sancto
560 2214 665 2292 Asaph
683 2216 714 2273 et
732 2212 877 2273 Henricus
900 2212 992 2272 abbas
1016 2213 1052 2272 de
1065 2213 1222 2274 Winchel-

201 2296 328 2361 cumba?

272 2389 430 2451 Annales
454 2391 783 2451 Teolresburienses
810 2413 840 2468 p.
860 2392 902 2450 52
930 2383 1037 2472 (vol.I
1059 2390 1093 2450 L.
1114 2385 1221 2470 1864)

201 2473 373 2541 ...Ὀ6ἱὶ6
394 2479 528 2559 Rogerus
552 2480 681 2557 archiep.
704 2478 900 2540 Eboracensis
928 2483 959 2540 et
980 2479 1077 2539 Adam
1105 2481 1221 2558 episco·
1282 2521 1283 2542 1

201 2588 258 2647 pus
281 2568 317 2627 de
341 2566 450 2628 Sancto
473 2563 598 2647 Asaph’
1282 2549 1283 2623 1

272 2658 317 2718 Ι)6
349 2657 412 2718 666.
438 2657 516 2718 coa.
546 2656 643 2718 Galba
672 2658 701 2717 A
725 2658 785 2717 VII
814 2677 893 2717 nunc
924 2661 1029 2718 exusto
1058 2678 1086 2720 v.
1111 2658 1220 2718 Rsinh.

201 2746 291 2806 Pauli
312 2748 345 2806 in
367 2746 447 2807 Mon.
466 2745 564 2807 Germ.
582 2747 698 2806 XXVII
720 2740 838 2829 (1885)
860 2768 890 2824 p.
909 2748 984 2807 484.

273 2831 453 2896 ‘Multarum
475 2831 661 2896 litterarum'
683 2836 834 2897 Adamum
861 2836 968 2896 merito
995 2835 1151 2913 praedicat
1172 2837 1219 2897 Io.
1281 2863 1282 2874 ¹

202 2923 448 3001 saresberiensis,
470 2926 634 2986 multarum
656 2927 729 2986 item
752 2925 922 2986 litterarum
939 2924 1081 3004 Egidium
1104 2924 1219 2984 intelli-
1281 2907 1282 2973 1

202 3013 307 3092 gimus.
353 3014 616 3093 grammaticorum
646 3016 725 3074 anim
755 3016 871 3076 scholas
899 3017 930 3074 et
951 3016 1087 3075 veterum
1113 3016 1218 3091 poeta-

201 3123 269 3164 rum
291 3103 449 3164 lectionem
472 3106 635 3165 attestatur
657 3106 744 3181 copia
766 3103 938 3178 verborum,
967 3103 1087 3164 ubertas
1116 3105 1218 3164 autem

202 3192 341 3252 dictionis
363 3193 541 3270 sanataque
571 3197 602 3254 66
629 3193 708 3254 circa
735 3193 838 3253 eadem
861 3193 922 3253 alio
944 3192 1033 3252 modo
1055 3193 1218 3270 repetenda

202 3281 290 3358 quasi
307 3284 460 3343 cumulata
477 3283 595 3344 novitas
617 3284 784 3343 rhetoricae
807 3282 940 3343 studium
963 3282 1103 3342 ostendit.
1125 3301 1216 3342 emer·

202 3373 321 3449 gentem
351 3371 420 3431 iude
450 3371 542 3432 etiam
571 3391 679 3433 venam
707 3371 856 3448 poeticam
884 3389 945 3430 non
975 3372 1072 3432 solum
1093 3370 1126 3430 in
1148 3391 1217 3448 pro·

201 3461 279 3539 logis
297 3460 443 3521 librorum
461 3460 709 3538 deprehendimus
727 3460 922 3538 epilogisque,
940 3460 992 3520 sed
1009 3463 1041 3520 in
1059 3459 1216 3539 digressio-

202 3569 276 3612 num
298 3551 474 3628 frequentia.
515 3549 578 3627 ipss
601 3548 660 3609 sibi
680 3549 809 3627 imperat
831 3544 907 3630 (ant.
928 3550 957 3624 2,
977 3541 1055 3629 811)
