2584 3900
540 136 708 192 VIATIGUS

113 287 229 365 inpetit
251 290 324 347 haec
345 289 452 365 pestis,
475 306 542 365 spes
565 290 607 348 sit
629 291 747 349 cassata
769 289 885 349 salutis.

113 379 143 436 si
166 378 286 453 patitur
309 396 396 454 puer,
418 377 497 436 hunc
521 377 651 437 absolvit
672 377 815 456 grandior
836 381 933 453 actae,

113 485 186 525 cum
209 466 317 526 faciem
339 465 431 526 vestit
452 467 595 544 lanugine
618 485 735 526 summa
757 468 905 528 iuventus.

46 570 91 610 ers
111 555 199 615 Huic
220 556 332 616 matrix
354 555 500 616 inmunda
522 557 602 616 malo
626 555 805 632 quandoque
827 558 979 616 ministrat

112 647 291 720 materiam,
315 646 436 704 decocta
460 644 518 705 sibi
541 663 609 704 oum
631 645 744 722 pabula
768 647 861 706 sumit

113 734 232 794 embrio
256 753 333 812 quae
357 734 479 812 sanguis
502 735 633 812 largitur
653 737 839 807 menstruus,
862 736 939 793 unde

113 823 252 882 exoritur
274 823 364 883 virus.
402 841 524 883 causam
548 824 728 901 quandoque
752 824 859 901 gulosa

113 914 229 972 esuries
253 911 353 992 gignit
375 913 422 971 vel
445 912 585 973 membris
609 931 676 973 esca
698 913 805 973 nociva

48 1016 94 1056 ero
114 1002 165 1062 vel
188 1005 278 1078 potus
301 1003 413 1061 nimius
436 1002 484 1061 rel
507 1001 646 1062 membris
670 1003 776 1062 noxius
799 1022 850 1062 aer

114 1093 287 1168 corruptus.
323 1095 512 1168 transgressa
536 1091 659 1150 modum
683 1091 848 1168 dampnosa
871 1091 974 1166 diana,

112 1181 232 1240 irarum
255 1179 409 1254 stimulus,
432 1198 567 1240 excessus
591 1180 725 1259 frigoris,
744 1183 844 1241 aestus

113 1269 251 1331 invitant
273 1270 425 1344 morbum,
447 1269 513 1329 loca
536 1270 672 1347 publica,
694 1289 780 1346 cena,
803 1270 969 1345 theatrum,

114 1360 203 1433 fana,
226 1359 338 1435 forum,
362 1360 486 1418 choreae
509 1359 646 1437 plausus,
669 1361 786 1419 excelsa
808 1359 948 1419 locorum.

50 1461 95 1502 aas
191 1447 325 1508 Obnubit
346 1447 501 1508 scotosis
526 1449 628 1508 erebra
650 1449 777 1528 caligine
801 1449 912 1523 visum,

116 1537 190 1596 dum
213 1537 318 1596 turbat
340 1538 457 1614 vertigo
481 1539 580 1613 caput.
617 1537 669 1613 qui
692 1538 757 1597 visa
779 1540 884 1597 rotatu

118 1625 227 1686 asserit
248 1627 376 1701 involvi,
400 1627 472 1685 dum
495 1645 577 1687 mene
601 1627 705 1687 delusa
727 1627 841 1686 moveri

118 1717 260 1776 aestimat
282 1716 314 1775 in
337 1735 445 1794 gyrum
468 1734 545 1791 quae
569 1719 675 1792 raptus
698 1719 839 1794 praepete
862 1717 946 1775 fumo

119 1805 242 1880 spiritus
265 1805 404 1864 intitulat
427 1806 545 1864 animae
568 1805 701 1883 finesque
723 1807 834 1885 figurat

53 1910 100 1950 seo
119 1893 284 1970 explicitos.
322 1894 430 1971 amplis
454 1894 526 1954 dum
549 1895 696 1954 tractibus
720 1915 790 1956 aera
813 1896 911 1954 sulcat

119 1983 221 2043 fumus
243 1985 276 2042 in
300 2002 437 2059 ascensu,
460 2002 577 2044 muscas
601 1985 753 2044 fantasma
775 1985 910 2044 volantes

119 2073 270 2132 mentitur.
306 2075 411 2132 tenues
435 2091 519 2132 error
541 2076 696 2133 contexere
718 2075 803 2133 lanas

120 2162 205 2221 novit
227 2163 259 2221 in
282 2162 338 2222 hoc
361 2180 433 2221 casu
456 2162 505 2222 vel
528 2181 603 2239 quas
627 2165 759 2223 contexit
782 2181 892 2240 aragne

121 2269 242 2326 corpore
265 2253 384 2310 mutato
407 2253 484 2311 telas
508 2251 580 2311 (lum
604 2253 733 2312 stamina
755 2252 856 2310 firmat

57 2356 101 2396 aas
119 2339 152 2398 in
174 2340 259 2399 trabe
281 2341 330 2399 vel
352 2342 445 2419 tigno.
484 2342 636 2418 geminata
658 2343 725 2402 uisa
747 2342 844 2419 figura

192 2551 243 2599 412
264 2545 301 2600 ait
320 2564 359 2601 m:
378 2546 410 2600 fit
429 2548 445 2599 3
468 2545 478 2618 ΗΗ
500 2551 552 2600 413
576 2547 687 2615 patitur
710 2547 738 2602 b:
762 2547 894 2616 paciatur
911 2564 938 2601 m
960 2545 970 2618 Η
993 2551 1045 2599 413
1063 2546 1138 2600 rubr.

122 2632 204 2670 cause
224 2617 361 2686 epilepsia
380 2619 396 2671 b
414 2621 482 2687 (occ.
500 2619 538 2688 m)
560 2617 570 2690 ΗΗ
592 2623 645 2671 417
665 2617 771 2672 embrio
790 2620 850 2688 (sic)
869 2618 914 2672 mb
931 2616 941 2688 ΗΗ
964 2622 1015 2670 421
1038 2617 1138 2686 dyanae

121 2688 188 2758 (scil.
213 2704 227 2741 e
252 2705 285 2742 cc
308 2703 325 2741 a
350 2689 401 2757 ipe.
422 2690 502 2758 corr.)
525 2707 565 2756 m,
590 2689 674 2744 diane
700 2691 716 2743 3
740 2689 837 2758 (diana
861 2690 880 2743 i.
899 2688 1022 2758 venatio)
1049 2687 1059 2760 ΗΗ
1086 2693 1138 2741 422

124 2782 236 2866 ειὲεειιε
256 2795 380 2922 mm
399 2795 522 2849 invitant
538 2815 579 2879 qn:
599 2797 714 2849 irritant
733 2797 748 2850 3
766 2795 776 2868 ΗΗ
795 2796 943 2878 4241131113
963 2796 978 2850 3
1066 2867 1072 2878 ι
1117 2866 1122 2877 Ι

193 2872 245 2920 423
333 2867 389 2920 ‚de
409 2867 565 2921 scothomra
584 2883 668 2922 cause
687 2869 826 2922 eteorum
843 2883 974 2936 signam,
993 2866 1035 2921 De
1051 2884 1138 2936 signis

123 2939 151 2992 et
165 2938 256 2992 causis
271 2938 425 2992 ecothomie
440 2938 464 2991 3.
487 2939 531 2992 tic
540 2940 589 2993 ubi
598 2939 690 3007 deficit
699 2940 868 3005 Placemus,
881 2940 1004 3008 sequitur
1013 2938 1137 3007 Gcnpol

123 3012 149 3092 1?
162 3015 186 3064 4.
224 3010 259 3076 cf.
274 3010 316 3065 Ιο,
331 3010 364 3063 de
383 3009 410 3064 S.
426 3011 517 3064 Paulo
536 3011 560 3077 1,
576 3014 592 3064 5
611 3013 673 3077 (sec.
694 3011 784 3067 Goust.
803 3011 972 3077 uia4.1,13)
990 3009 1000 3083 ΗΗ
1019 3014 1070 3063 426
1090 3009 1139 3078 qui

122 3093 161 3186 (q)
179 3135 207 3171 m
226 3116 293 3184 (ecit.
312 3116 411 3186 risus):
436 3093 455 3185 q
477 3117 492 3170 3
515 3116 525 3188 Η
548 3122 599 3170 428
622 3119 704 3188 ppete
728 3118 743 3170 3
769 3116 778 3188 ΗΗ
803 3122 855 3170 423
880 3117 992 3170 animae
1015 3116 1138 3184 finesque

123 3187 474 3256 (efflantidctur.4,1337
496 3190 528 3239 ut
553 3204 645 3241 rerum
670 3189 739 3243 fines
764 3188 955 3242 moderamine
981 3189 1056 3241 certo
1081 3203 1139 3242 me-

123 3260 170 3313 tiri
188 3260 312 3327 nequeat
328 3259 439 3313 animae
457 3257 547 3313 delira
561 3261 688 3328 potestae
704 3261 770 3328 ...):
790 3266 835 3314 aie
850 3260 981 3329 (animae)
996 3259 1139 3326 faciesque

124 3348 162 3398 m,
184 3347 285 3401 gyrum
308 3330 445 3400 funesque
467 3332 481 3384 3
504 3330 514 3401 ΗΗ
536 3335 588 3384 430
608 3330 754 3399 explicitos
774 3331 802 3386 b:
827 3331 982 3399 explicatos
1004 3347 1032 3384 m
1054 3329 1064 3401 Η
1087 3335 1137 3383 433

125 3454 202 3492 casu:
224 3441 277 3492 cair
295 3439 339 3493 mb
355 3440 359 3507 Ι
375 3414 463 3509 arguo
482 3455 520 3504 m,
541 3453 627 3491 arene
645 3438 660 3490 3
683 3436 692 3521 ΗΗ
716 3443 767 3491 433
786 3438 866 3519 tigno
885 3455 924 3490 m:
944 3433 1022 3517 ligno
1041 3437 1065 3490 b.
1103 3437 1136 3501 cf.

125 3509 321 3575 Passion.1‚5
338 3511 455 3578 (Esccl.)
476 3511 504 3564 ot
523 3525 557 3562 ea
577 3525 648 3577 quae
667 3508 763 3562 vident
783 3524 864 3576 quasi
883 3505 1010 3575 duphcra
1030 3509 1094 3559 sunt

942 3613 976 3664 2*
