2584 3900
151 107 194 172 42
602 104 716 159 00000

152 255 301 331 promitur
322 254 452 329 indiciis,
476 258 564 315 ructu
586 255 734 331 fumante,
757 275 867 332 uapore

152 345 249 424 ignito
273 347 425 423 pungente
448 345 565 422 gulam,
588 345 717 405 siccante
740 345 876 422 palatum

153 433 308 509 ariditate,
332 435 397 510 siti,
420 433 537 494 vomitu
559 452 676 509 croceo,
699 433 858 495 subamaro

153 526 252 602 gustu.
289 523 441 602 frigiditas
464 524 623 582 humorum
646 523 795 600 promitur
818 523 881 584 acri

84 631 134 670 roos
152 615 255 688 ructu,
277 613 400 672 virtutis
423 613 570 673 stomachi
593 631 671 690 quae
695 612 836 689 decoquit
859 632 940 674 escas

153 703 283 776 defectu,
305 703 481 778 vomituque
504 702 593 761 fidem
616 701 794 780 quandoque
817 702 970 780 probante.

223 791 345 852 Nausea
368 792 416 852 vel
438 793 596 852 vomitus
621 791 732 870 algoris
756 793 892 852 acumine
915 793 979 852 eolo

153 881 301 941 caumatis
324 882 378 940 eut
400 882 475 942 vitio
499 883 562 941 sine
586 882 691 957 chymo
714 881 859 956 nascitur,
883 885 937 942 aut
958 881 1005 940 his

153 969 275 1030 annexis
298 969 395 1030 causis
417 970 606 1046 humoribus,
629 973 684 1030 aut
706 970 869 1030 medicinae

84 1086 135 1124 1010
153 1060 267 1119 uiribus
291 1059 408 1139 ignitis,
431 1061 480 1120 vel
502 1060 533 1120 vi
555 1060 708 1119 mordente
731 1059 879 1134 ciborum,

154 1152 207 1208 aut
230 1169 297 1209 esca
320 1151 479 1226 superante
502 1149 631 1208 modum.
669 1149 696 1209 si
719 1168 825 1208 cauma
849 1149 888 1208 sit
910 1150 999 1208 huius

154 1257 243 1298 causa
266 1240 340 1299 mali
362 1238 500 1315 simplex,
523 1239 609 1298 iuvat
631 1238 730 1317 algor,
753 1240 897 1316 provocat
920 1241 1020 1298 aestus

152 1331 230 1388 hanc
253 1331 380 1406 pestem,
403 1326 519 1387 vomitu
541 1345 595 1388 nec
618 1327 722 1388 defluit
743 1328 864 1403 humor,
887 1327 988 1388 aburit

154 1437 186 1476 os
209 1437 317 1495 vapor,
340 1417 468 1477 exsiccat
490 1416 566 1477 sitis.
602 1417 707 1495 igneus
730 1417 838 1476 humor
860 1418 972 1478 eisdem

84 1529 135 1568 1015
155 1507 320 1583 concipitur
343 1509 455 1581 causis,
478 1508 509 1564 et
531 1509 650 1583 praeter
673 1506 754 1566 dicta
776 1509 900 1566 notatur

153 1597 186 1654 in
208 1595 325 1655 vomitu
348 1615 449 1656 croceo
473 1595 521 1655 vel
544 1614 633 1672 quem
658 1597 739 1656 viror
762 1596 869 1670 afficit,
893 1599 984 1673 atquc

154 1703 241 1744 exoso
264 1687 369 1762 gustu,
392 1686 440 1745 vel
463 1686 548 1744 avari
571 1686 640 1744 felle
664 1686 789 1762 saporis.

155 1775 280 1851 simplex
303 1775 389 1853 algor
411 1773 502 1834 habet
524 1775 597 1833 haec
620 1776 719 1854 signa,
743 1774 855 1834 doloris
879 1793 1016 1851 acumen,

154 1866 216 1924 vim
240 1863 419 1943 digestivam
441 1866 575 1940 tenuem,
598 1864 768 1924 ructamine
790 1864 896 1939 cruda,

84 1975 136 2014 iero
154 1953 266 2032 frigida
289 1955 410 2030 sumpta
432 1955 553 2029 necent,
576 1953 692 2014 fervens
716 1953 895 2012 extenninat
918 1971 985 2013 esca

154 2044 247 2120 pestis
271 2043 440 2120 perniciem.
477 2043 598 2102 laedens
621 2043 719 2104 elucet
741 2042 852 2103 eisdem

154 2133 273 2192 indiciis
297 2133 400 2211 algens
422 2134 542 2208 humor,
566 2135 668 2191 tamen
690 2133 812 2208 insuper
833 2131 900 2192 istis

155 2223 272 2281 adiecto
295 2223 468 2298 quodcum
492 2223 609 2281 vomitu
631 2221 811 2298 quandoque
834 2223 965 2282 notatur.

155 2313 254 2370 emitti
277 2311 400 2370 solitum
423 2312 450 2370 si
473 2311 626 2370 clauditur
649 2313 679 2370 et
701 2312 777 2370 latet
798 2311 906 2370 humor

86 2401 185 2460 100010
209 2399 291 2459 villis
314 2401 473 2474 stomachi,
496 2401 546 2460 rix
568 2401 647 2459 hunc
670 2399 807 2459 eliminat
828 2400 945 2459 instans

63 2477 68 2488 ⁷
154 2493 280 2550 naturae
303 2488 407 2548 virtus.
445 2489 585 2565 spatiosis
608 2488 756 2550 tractibus
780 2491 863 2548 extra

155 2580 181 2639 si
204 2580 311 2638 fluidus
335 2577 439 2652 fuerit,
462 2578 570 2638 virtuti
593 2578 672 2639 cedit
695 2581 726 2638 et
748 2579 861 2654 absque

155 2667 270 2727 nisibus
294 2669 423 2728 emanat.
464 2669 490 2726 si
513 2667 629 2727 fervida
651 2670 697 2728 vis
720 2667 883 2728 medicinae

156 2760 211 2858 aut
232 2757 315 2817 cibus
338 2757 452 2835 ignitus
477 2759 529 2816 aut
552 2757 711 2818 ambitiosa
734 2758 875 2818 voluntas

229 2911 352 2976 1001cf.
367 2912 409 2965 Io
429 2911 566 2980 (sequitui-
589 2909 659 2964 sitis
678 2910 811 2964 incensio
831 2908 959 2979 punctio)
980 2908 1092 2962 fumosa
1112 2925 1185 2964 ruo-

156 2982 257 3050 tatio(
248 2984 309 3050 (.om
328 2982 413 3050 Plau)
385 2982 446 3054 1)οΙ
470 2987 539 3036 1003
559 2981 608 3036 siti
627 2982 734 3050 (t.):Pla
755 2981 885 3053 01010000
909 2984 979 3034 1004
998 2981 1097 3050 gustus
1115 2997 1149 3036 m
1175 2983 1186 3054 00

159 3093 264 3142 1000
247 3106 266 3156 q
284 3088 312 3142 0
332 3105 396 3155 qm
414 3087 423 3156 00
443 3093 512 3142 1000
531 3089 639 3142 vomitu
657 3087 828 3171 quandoque
846 3088 987 3155 fidemque
1004 3103 1047 3156 pr
1067 3087 1082 3140 0

230 3163 297 3212 1000
317 3159 392 3214 rubr.
407 3159 448 3212 De
466 3160 588 3213 vomitus
609 3158 702 3214 causis
721 3161 750 3212 et
769 3159 858 3228 signis
877 3160 906 3212 00
924 3157 1070 3228 speciebus
1087 3158 1111 3224 b
1135 3159 1184 3214 De

156 3230 263 3284 vomitu
282 3248 309 3285 m
330 3230 340 3302 00
364 3234 434 3283 1014
453 3232 530 3285 00οι
550 3248 583 3285 ao
602 3248 628 3285 m
654 3229 657 3301 0
684 3230 854 3286 exsiccatb:
878 3229 1183 3301 10100000001010

158 3337 296 3404 000101ου1·
310 3337 339 3392 b:
353 3337 475 3405 serpitur
489 3355 516 3392 m
533 3337 536 3408 0
562 3342 631 3391 1010
646 3319 676 3409 (ᾗ
691 3338 797 3408 (quam)
812 3355 839 3392 m
855 3337 858 3408 0
875 3337 964 3390 afficit
978 3354 1017 3392 m
1011 3335 1121 3390 efficit
1136 3339 1157 3392 0
1174 3339 1183 3408 0

159 3411 228 3460 1023
247 3407 358 3462 adiecto
378 3407 1184 3480 0οε-010001024001100010000102600010008000

158 3497 184 3532 m
202 3478 212 3549 00
231 3483 300 3532 1028
319 3477 428 3534 nisibus
447 3478 601 3533 b1vis1bue
620 3498 646 3534 m
664 3479 674 3551 00
693 3483 762 3532 1029
782 3477 840 3550 cib3
859 3480 904 3534 mb
