2584 3900
1103 175 1144 231 XI

123 325 230 402 animi,
257 327 464 387 succedentem
492 331 593 389 antem
620 329 711 388 tertio
741 327 819 387 libro
844 327 880 387 de
906 328 999 405 signis
1020 327 1142 403 'dyscra

123 416 236 478 siarum
260 416 380 477 cerebri.
417 416 471 494 qui
488 416 558 476 libri
577 417 727 494 quomodo
746 418 777 475 in
796 417 928 476 universi
947 417 1044 494 operis
1063 417 1142 475 ordi-

123 525 192 566 nem
225 505 262 565 ab
295 507 360 583 ipso
393 507 520 566 fortasse
554 509 675 566 anctore
707 525 767 565 non
797 505 923 583 perfecti
952 506 1145 566 convenerint

122 596 272 654 incertum
290 598 343 655 eet.
376 596 430 655 hos
449 613 552 656 versus
572 595 713 655 dederam
731 614 757 654 a.
774 596 860 656 1864
880 597 912 654 in
926 593 1089 654 Anecdotis
1104 589 1142 676 (L

125 677 327 765 171-201),
350 685 387 744 de
406 685 507 744 codice
525 686 631 762 postea
648 676 717 766 (qui
735 685 837 744 studia
855 704 922 744 mea
940 684 1144 761 Amploniana

123 765 294 854 ignoravit)
317 772 394 832 dixit
416 774 463 832 W.
479 773 589 834 Schum
613 767 712 854 (Vera.
728 775 780 833 der
803 773 943 849 Amplon.
957 773 1027 833 Hes.
1041 773 1144 833 Berlin

124 864 211 923 1887
237 861 267 922 S.
284 863 459 923 143—148
479 864 515 922 cf.
530 866 631 923 tamen
650 863 760 922 Anecd.
775 885 804 940 p.
821 854 1022 943 172-174).

198 950 335 1011 Getarum
364 952 498 1012 carmina
526 953 601 1012 haec
629 951 665 1011 de
688 952 913 1012 medicamentis
938 955 968 1011 et
991 951 1027 1010 de
1050 950 1143 1028 signis

123 1039 296 1101 morborum
319 1040 392 1117 dno,
415 1043 522 1118 utpote
544 1041 667 1102 maioris
690 1041 791 1102 hiatus
815 1059 907 1119 opera
930 1043 962 1100 et
983 1039 1144 1100 memoriae

123 1130 307 1190 scholarium
332 1149 441 1208 parum
463 1130 585 1205 idonea,
614 1132 712 1190 rarius
735 1130 885 1208 descripta
907 1130 1000 1190 fuisse
1023 1147 1145 1190 consen·

123 1223 246 1279 taneum
265 1222 359 1280 estet
377 1220 466 1279 citius
485 1220 632 1280 oblivioni
649 1219 772 1280 tradita.
803 1219 912 1297 prioris
928 1222 1030 1279 autem
1043 1219 1144 1277 locum

122 1327 194 1368 mox
217 1307 382 1369 obtinuisse
406 1308 546 1368 videntur
569 1327 672 1370 versus
692 1311 746 1386 qui
764 1308 938 1369 ferebantur
957 1303 1008 1367 ‘de
1027 1308 1144 1384 simplis

124 1392 383 1474 compositisque'‚
407 1398 459 1474 qui
480 1399 536 1457 sub
554 1397 673 1457 nomine
691 1398 795 1476 Epidii
812 1398 923 1458 viatico
942 1397 1096 1457 subiuncti
1113 1397 1145 1456 in

121 1486 224 1547 codice
256 1486 348 1546 etiam
375 1487 587 1547 Buxheimenei
614 1488 755 1566 leguntur
777 1486 861 1547 brevi
885 1486 1005 1564 quidem
1027 1487 1145 1564 poetico

125 1577 205 1636 sicut
223 1575 296 1635 alibi
314 1577 451 1653 prosaico
470 1577 595 1654 prologo
611 1576 760 1637 instructi.
791 1594 893 1637 versus
908 1578 978 1636 sunt
992 1578 1146 1653 quattuor,

125 1666 178 1742 qui
201 1667 368 1742 prosaicam
391 1666 607 1742 praefationem
632 1667 809 1743 ampliorem
833 1667 1027 1726 contrahunt:

183 1783 302 1849 ‘Firma
325 1791 470 1850 memoria
491 1791 527 1850 fit
549 1791 667 1866 metris,
691 1791 763 1869 quia
786 1791 917 1868 plurima
940 1789 1044 1867 paucis

183 1878 413 1955 comprendunt,
436 1880 571 1938 animum
594 1881 753 1956 delectant,
777 1879 932 1940 commoda
956 1880 1084 1956 pensant
1092 1871 1132 1960 ¹),

182 1987 243 2028 non
265 1967 393 2028 laudem.
429 1968 509 2029 bona
532 1969 620 2047 signa
643 1989 763 2045 canam,
792 1969 852 2029 vim
877 1971 947 2046 post
968 1967 1133 2028 medicinae

183 2058 344 2118 confectae.
381 2057 524 2135 splendor
545 2059 635 2119 metri
657 2060 734 2118 latet
755 2053 915 2118 utilitate'.

124 2183 262 2259 prosaica
290 2183 332 2242 sic
354 2181 464 2259 incipit
488 2174 565 2263 (cod.
579 2182 661 2260 Lips.
679 2185 764 2242 1215
789 2182 843 2259 qui
865 2181 938 2242 olim
965 2182 1060 2258 1213,
1083 2181 1146 2241 eod.

122 2271 224 2347 Ampl.
248 2291 296 2349 qu.
315 2272 377 2330 182
401 2272 422 2330 f.
443 2264 523 2352 290)
548 2267 712 2341 ‘Quoniam
739 2273 853 2332 firmius
883 2271 1044 2331 memoriae
1068 2289 1146 2330 com·

125 2359 306 2421 mandantur
329 2380 404 2437 quae
426 2361 549 2422 metrice
568 2361 681 2438 scripta
700 2356 787 2421 sunt'
805 2365 860 2422 etc.
892 2362 1033 2421 carminis
1051 2360 1146 2437 ipsine

124 2468 228 2510 versus
243 2444 332 2530 (Res
348 2450 429 2510 aloes
443 2451 560 2529 lignum
574 2451 716 2528 pretiosa.
745 2452 786 2511 eit
799 2450 855 2511 hoo
865 2451 922 2510 tibi
932 2444 1066 2529 signum’
1076 2442 1146 2530 etc.)

124 2537 272 2598 rationem
302 2538 423 2616 quidem
450 2540 552 2618 Egidii
582 2541 738 2615 affectant,
772 2559 841 2601 vere
872 2543 973 2599 autem
1004 2534 1087 2597 ‘rudi
1117 2541 1148 2598 et

123 2627 238 2688 inculto
276 2621 364 2688 stilo'
399 2620 505 2708 (quem
537 2630 587 2688 ille
618 2631 743 2689 excusat
772 2629 828 2688 sub
858 2629 955 2706 specie
984 2627 1148 2687 modestiae

124 2718 240 2778 victv.
257 2711 313 2786 15)
338 2719 471 2777 contexti
493 2719 594 2795 potius
617 2721 746 2796 negant,
770 2720 882 2796 quippe
905 2718 995 2778 exiles
1019 2719 1049 2776 et
1071 2717 1148 2776 aridi

125 2810 156 2866 et
179 2805 217 2866 ab
242 2806 427 2867 abundantia
446 2807 596 2886 Egidiana
617 2808 708 2868 nimis
727 2807 928 2868 abhorrentes.
966 2807 997 2866 in
1016 2805 1146 2883 antiqui-

124 2896 226 2956 oribus
245 2915 316 2955 sane
336 2896 488 2957 codicibus
509 2896 625 2957 dnobus
644 2899 677 2956 hi
695 2898 853 2975 particulis
872 2899 903 2956 et
921 2896 1038 2957 diverso
1052 2899 1147 2956 metro

124 2985 288 3062 separatim
307 2985 412 3062 scripti
431 2989 461 3046 et
479 2986 543 3046 sine
562 2987 682 3046 nomine
702 2986 833 3048 auctoris
849 2980 1001 3068 (‘versus’
1020 2985 1053 3044 in
1069 2985 1147 3044 Berl.

124 3094 176 3150 qu.
196 3074 276 3148 586,
303 3073 404 3150 Ampl.
425 3095 475 3151 qn.
502 3076 575 3135 178.
597 3068 750 3157 iccata.)
776 3077 808 3135 in
831 3096 925 3136 unum
950 3074 1056 3134 deinde
1081 3093 1148 3133 cum

122 3163 250 3241 prologo
264 3163 401 3222 libellum
415 3167 636 3241 componuntur
647 3165 736 3225 modo
747 3185 930 3243 anonymum
942 3155 1147 3246 (bipedale)

122 3252 212 3312 modo
235 3253 355 3312 nomine
374 3251 478 3330 Egidii
500 3256 588 3332 quasi
611 3256 764 3333 signatum
788 3248 904 3337 (Ampl.
925 3275 973 3331 qu.
992 3245 1078 3334 182).
1109 3270 1148 3312 ex

123 3360 275 3418 anonymo
305 3342 358 3402 illo
388 3341 487 3402 editus
517 3342 590 3402 olim
619 3344 679 3404 fuit
709 3337 793 3426 (post
815 3345 951 3404 Macrum
982 3343 1017 3402 de
1046 3341 1146 3401 herbis

196 3549 221 3615 1)
241 3548 281 3603 sic
300 3563 334 3602 ex
352 3547 420 3602 viat.
434 3565 459 3604 v.
471 3553 540 3604 2151
560 3548 722 3604 ‘commoda
740 3549 884 3618 pensane’.
