<?xml version="1.0" encoding="UTF-8"?>
<!DOCTYPE html PUBLIC "-//W3C//DTD XHTML 1.0 Transitional//EN"
    "http://www.w3.org/TR/xhtml1/DTD/xhtml1-transitional.dtd">
<html xmlns="http://www.w3.org/1999/xhtml" xml:lang="en" lang="en">
 <head>
  <title>
</title>
<meta http-equiv="Content-Type" content="text/html;charset=utf-8" />
  <meta name='ocr-system' content='tesseract 3.04.00' />
  <meta name='ocr-capabilities' content='ocr_page ocr_carea ocr_par ocr_line ocrx_word'/>
</head>
<body>
  <div class='ocr_page' id='page_1' title='image "./egidiicorbolien02rosegoog_0104.png"; bbox 0 0 2604 3900; ppageno 0'>
   <div class='ocr_carea' id='block_1_1' title="bbox 532 171 701 226">
    <p class='ocr_par' dir='ltr' id='par_1_1' title="bbox 532 171 701 226">
     <span class='ocr_line' id='line_1_1' title="bbox 532 171 701 226; baseline 0 0"><span class='ocrx_word' id='word_1_1' title='bbox 532 171 701 226; x_wconf 82' lang='lat' dir='ltr'><strong>VIATICUS</strong></span> 
     </span>
    </p>
   </div>
   <div class='ocr_carea' id='block_1_2' title="bbox 24 323 998 2636">
    <p class='ocr_par' dir='ltr' id='par_1_2' title="bbox 113 323 812 399">
     <span class='ocr_line' id='line_1_2' title="bbox 113 323 812 399; baseline -0.001 -16"><span class='ocrx_word' id='word_1_2' title='bbox 113 324 266 384; x_wconf 77' lang='lat' dir='ltr'><strong>clauditur</strong></span> <span class='ocrx_word' id='word_1_3' title='bbox 288 324 426 385; x_wconf 85' lang='lat' dir='ltr'><strong>obstruso</strong></span> <span class='ocrx_word' id='word_1_4' title='bbox 445 323 525 382; x_wconf 86' lang='lat' dir='ltr'><strong>fluxu</strong></span> <span class='ocrx_word' id='word_1_5' title='bbox 549 324 690 399; x_wconf 85' lang='lat' dir='ltr'><strong>fumoque</strong></span> <span class='ocrx_word' id='word_1_6' title='bbox 713 323 812 382; x_wconf 91' lang='lat' dir='ltr'><strong>soluto</strong></span> 
     </span>
    </p>

    <p class='ocr_par' dir='ltr' id='par_1_3' title="bbox 24 413 821 489">
     <span class='ocr_line' id='line_1_3' title="bbox 24 413 821 489; baseline -0.001 -17"><span class='ocrx_word' id='word_1_7' title='bbox 24 439 25 484; x_wconf 52' lang='lat' dir='ltr'><strong>q</strong></span> <span class='ocrx_word' id='word_1_8' title='bbox 111 414 247 473; x_wconf 86' lang='lat' dir='ltr'><strong>matricis</strong></span> <span class='ocrx_word' id='word_1_9' title='bbox 269 414 396 474; x_wconf 86' lang='lat' dir='ltr'><strong>fundum</strong></span> <span class='ocrx_word' id='word_1_10' title='bbox 419 413 563 484; x_wconf 78' lang='lat' dir='ltr'><strong>sustollit,</strong></span> <span class='ocrx_word' id='word_1_11' title='bbox 585 414 715 489; x_wconf 83' lang='lat' dir='ltr'><strong>pectoris</strong></span> <span class='ocrx_word' id='word_1_12' title='bbox 739 414 821 472; x_wconf 87' lang='lat' dir='ltr'><strong>artat</strong></span> 
     </span>
    </p>

    <p class='ocr_par' dir='ltr' id='par_1_4' title="bbox 24 501 998 938">
     <span class='ocr_line' id='line_1_4' title="bbox 24 501 998 580; baseline 0.002 -22"><span class='ocrx_word' id='word_1_13' title='bbox 24 505 25 518; x_wconf 65' lang='lat'>²</span> <span class='ocrx_word' id='word_1_14' title='bbox 49 521 94 560; x_wconf 83' lang='grc'><strong>1666</strong></span> <span class='ocrx_word' id='word_1_15' title='bbox 113 522 257 580; x_wconf 87' lang='lat' dir='ltr'><strong>concava,</strong></span> <span class='ocrx_word' id='word_1_16' title='bbox 280 504 330 563; x_wconf 86' lang='lat' dir='ltr'><strong>vel</strong></span> <span class='ocrx_word' id='word_1_17' title='bbox 351 505 471 580; x_wconf 89' lang='lat' dir='ltr'><strong>praeter</strong></span> <span class='ocrx_word' id='word_1_18' title='bbox 494 501 616 562; x_wconf 91' lang='lat' dir='ltr'><strong>solitum</strong></span> <span class='ocrx_word' id='word_1_19' title='bbox 639 521 707 562; x_wconf 92' lang='lat' dir='ltr'><strong>cum</strong></span> <span class='ocrx_word' id='word_1_20' title='bbox 728 501 874 580; x_wconf 87' lang='lat' dir='ltr'><strong>languida</strong></span> <span class='ocrx_word' id='word_1_21' title='bbox 896 504 998 578; x_wconf 91' lang='lat' dir='ltr'><strong>torpet</strong></span> 
     </span>
     <span class='ocr_line' id='line_1_5' title="bbox 111 593 859 670; baseline -0.003 -18"><span class='ocrx_word' id='word_1_22' title='bbox 111 593 245 670; x_wconf 74' lang='lat' dir='ltr'><strong>insopita</strong></span> <span class='ocrx_word' id='word_1_23' title='bbox 267 611 360 652; x_wconf 86' lang='lat' dir='ltr'><strong>venus</strong></span> <span class='ocrx_word' id='word_1_24' title='bbox 382 610 547 667; x_wconf 87' lang='lat' dir='ltr'><strong>renumque</strong></span> <span class='ocrx_word' id='word_1_25' title='bbox 570 593 721 651; x_wconf 77' lang='lat' dir='ltr'><strong>remittere</strong></span> <span class='ocrx_word' id='word_1_26' title='bbox 743 593 859 650; x_wconf 88' lang='lat' dir='ltr'><strong>motum</strong></span> 
     </span>
     <span class='ocr_line' id='line_1_6' title="bbox 112 680 870 759; baseline -0.004 -17"><span class='ocrx_word' id='word_1_27' title='bbox 112 701 270 759; x_wconf 90' lang='lat' dir='ltr'><strong>surrepens</strong></span> <span class='ocrx_word' id='word_1_28' title='bbox 293 682 412 742; x_wconf 81' lang='lat' dir='ltr'><strong>novitas</strong></span> <span class='ocrx_word' id='word_1_29' title='bbox 436 699 544 741; x_wconf 88' lang='lat' dir='ltr'><strong>causae</strong></span> <span class='ocrx_word' id='word_1_30' title='bbox 568 680 722 756; x_wconf 78' lang='lat' dir='ltr'><strong>compellit</strong></span> <span class='ocrx_word' id='word_1_31' title='bbox 744 684 774 739; x_wconf 92' lang='lat' dir='ltr'><strong>et</strong></span> <span class='ocrx_word' id='word_1_32' title='bbox 796 698 870 739; x_wconf 90' lang='lat' dir='ltr'><strong>usus</strong></span> 
     </span>
     <span class='ocr_line' id='line_1_7' title="bbox 112 770 931 847; baseline -0.004 -17"><span class='ocrx_word' id='word_1_33' title='bbox 112 776 249 831; x_wconf 89' lang='lat' dir='ltr'><strong>assuetos</strong></span> <span class='ocrx_word' id='word_1_34' title='bbox 273 770 391 831; x_wconf 81' lang='lat' dir='ltr'><strong>cohibet</strong></span> <span class='ocrx_word' id='word_1_35' title='bbox 413 770 541 845; x_wconf 86' lang='lat' dir='ltr'><strong>veneris,</strong></span> <span class='ocrx_word' id='word_1_36' title='bbox 566 789 633 830; x_wconf 89' lang='lat' dir='ltr'><strong>cum</strong></span> <span class='ocrx_word' id='word_1_37' title='bbox 655 770 814 846; x_wconf 70' lang='lat' dir='ltr'><strong>spermatis</strong></span> <span class='ocrx_word' id='word_1_38' title='bbox 838 789 931 847; x_wconf 88' lang='lat' dir='ltr'><strong>agger</strong></span> 
     </span>
     <span class='ocr_line' id='line_1_8' title="bbox 112 858 851 938; baseline -0.005 -18"><span class='ocrx_word' id='word_1_39' title='bbox 112 861 248 936; x_wconf 86' lang='lat' dir='ltr'><strong>corrupti</strong></span> <span class='ocrx_word' id='word_1_40' title='bbox 269 860 352 920; x_wconf 86' lang='lat' dir='ltr'><strong>virus</strong></span> <span class='ocrx_word' id='word_1_41' title='bbox 375 861 499 938; x_wconf 88' lang='lat' dir='ltr'><strong>generat</strong></span> <span class='ocrx_word' id='word_1_42' title='bbox 521 859 702 934; x_wconf 71' lang='lat' dir='ltr'><strong>vulvamque</strong></span> <span class='ocrx_word' id='word_1_43' title='bbox 724 858 851 918; x_wconf 80' lang='lat' dir='ltr'><strong>localem</strong></span> 
     </span>
    </p>

    <p class='ocr_par' dir='ltr' id='par_1_5' title="bbox 48 946 993 1383">
     <span class='ocr_line' id='line_1_9' title="bbox 48 946 898 1027; baseline 0.004 -24"><span class='ocrx_word' id='word_1_44' title='bbox 48 965 94 1005; x_wconf 82' lang='lat' dir='ltr'><strong>ress</strong></span> <span class='ocrx_word' id='word_1_45' title='bbox 111 953 284 1027; x_wconf 87' lang='lat' dir='ltr'><strong>permutare</strong></span> <span class='ocrx_word' id='word_1_46' title='bbox 307 951 400 1009; x_wconf 88' lang='lat' dir='ltr'><strong>situm</strong></span> <span class='ocrx_word' id='word_1_47' title='bbox 423 949 505 1027; x_wconf 82' lang='lat' dir='ltr'><strong>cogit</strong></span> <span class='ocrx_word' id='word_1_48' title='bbox 527 946 600 1006; x_wconf 92' lang='lat' dir='ltr'><strong>dum</strong></span> <span class='ocrx_word' id='word_1_49' title='bbox 622 948 723 1006; x_wconf 86' lang='lat' dir='ltr'><strong>fumus</strong></span> <span class='ocrx_word' id='word_1_50' title='bbox 745 948 777 1007; x_wconf 93' lang='lat' dir='ltr'><strong>in</strong></span> <span class='ocrx_word' id='word_1_51' title='bbox 800 947 898 1006; x_wconf 87' lang='lat' dir='ltr'><strong>altum</strong></span> 
     </span>
     <span class='ocr_line' id='line_1_10' title="bbox 112 1035 993 1114; baseline -0.002 -16"><span class='ocrx_word' id='word_1_52' title='bbox 112 1041 221 1100; x_wconf 88' lang='lat' dir='ltr'><strong>noxius</strong></span> <span class='ocrx_word' id='word_1_53' title='bbox 243 1040 321 1099; x_wconf 81' lang='lat' dir='ltr'><strong>hanc</strong></span> <span class='ocrx_word' id='word_1_54' title='bbox 342 1039 432 1098; x_wconf 89' lang='lat' dir='ltr'><strong>tollit.</strong></span> <span class='ocrx_word' id='word_1_55' title='bbox 470 1038 548 1098; x_wconf 87' lang='lat' dir='ltr'><strong>solet</strong></span> <span class='ocrx_word' id='word_1_56' title='bbox 568 1037 625 1096; x_wconf 91' lang='lat' dir='ltr'><strong>hoc</strong></span> <span class='ocrx_word' id='word_1_57' title='bbox 648 1035 813 1114; x_wconf 87' lang='lat' dir='ltr'><strong>dampnum</strong></span> <span class='ocrx_word' id='word_1_58' title='bbox 834 1035 993 1096; x_wconf 85' lang='lat' dir='ltr'><strong>viduarum</strong></span> 
     </span>
     <span class='ocr_line' id='line_1_11' title="bbox 114 1125 923 1207; baseline -0.005 -19"><span class='ocrx_word' id='word_1_59' title='bbox 114 1131 296 1205; x_wconf 84' lang='lat' dir='ltr'><strong>attemptare</strong></span> <span class='ocrx_word' id='word_1_60' title='bbox 319 1146 452 1207; x_wconf 81' lang='lat' dir='ltr'><strong>gregem,</strong></span> <span class='ocrx_word' id='word_1_61' title='bbox 475 1127 524 1187; x_wconf 89' lang='lat' dir='ltr'><strong>vel</strong></span> <span class='ocrx_word' id='word_1_62' title='bbox 548 1144 622 1202; x_wconf 88' lang='lat' dir='ltr'><strong>quas</strong></span> <span class='ocrx_word' id='word_1_63' title='bbox 644 1145 723 1185; x_wconf 86' lang='lat' dir='ltr'><strong>nova</strong></span> <span class='ocrx_word' id='word_1_64' title='bbox 745 1128 817 1185; x_wconf 87' lang='lat' dir='ltr'><strong>vota</strong></span> <span class='ocrx_word' id='word_1_65' title='bbox 840 1125 923 1185; x_wconf 83' lang='lat' dir='ltr'><strong>virili</strong></span> 
     </span>
     <span class='ocr_line' id='line_1_12' title="bbox 115 1217 841 1293; baseline -0.003 -16"><span class='ocrx_word' id='word_1_66' title='bbox 115 1237 133 1277; x_wconf 90' lang='lat' dir='ltr'><strong>a</strong></span> <span class='ocrx_word' id='word_1_67' title='bbox 156 1236 235 1277; x_wconf 80' lang='lat' dir='ltr'><strong>nexu</strong></span> <span class='ocrx_word' id='word_1_68' title='bbox 257 1217 410 1291; x_wconf 82' lang='lat' dir='ltr'><strong>cohibent,</strong></span> <span class='ocrx_word' id='word_1_69' title='bbox 433 1217 481 1276; x_wconf 89' lang='grc'><strong>661</strong></span> <span class='ocrx_word' id='word_1_70' title='bbox 504 1234 580 1293; x_wconf 87' lang='lat' dir='ltr'><strong>quas</strong></span> <span class='ocrx_word' id='word_1_71' title='bbox 603 1217 700 1274; x_wconf 88' lang='lat' dir='ltr'><strong>tutela</strong></span> <span class='ocrx_word' id='word_1_72' title='bbox 722 1218 841 1275; x_wconf 86' lang='lat' dir='ltr'><strong>coactas</strong></span> 
     </span>
     <span class='ocr_line' id='line_1_13' title="bbox 115 1304 873 1383; baseline -0.005 -17"><span class='ocrx_word' id='word_1_73' title='bbox 115 1307 227 1383; x_wconf 88' lang='lat' dir='ltr'><strong>absque</strong></span> <span class='ocrx_word' id='word_1_74' title='bbox 249 1309 314 1366; x_wconf 88' lang='lat' dir='ltr'><strong>viro</strong></span> <span class='ocrx_word' id='word_1_75' title='bbox 337 1311 454 1366; x_wconf 88' lang='lat' dir='ltr'><strong>castum</strong></span> <span class='ocrx_word' id='word_1_76' title='bbox 476 1306 563 1366; x_wconf 91' lang='lat' dir='ltr'><strong>docet</strong></span> <span class='ocrx_word' id='word_1_77' title='bbox 584 1305 741 1364; x_wconf 88' lang='lat' dir='ltr'><strong>observare</strong></span> <span class='ocrx_word' id='word_1_78' title='bbox 764 1304 873 1380; x_wconf 86' lang='lat' dir='ltr'><strong>cubile,</strong></span> 
     </span>
    </p>

    <p class='ocr_par' dir='ltr' id='par_1_6' title="bbox 51 1393 994 1654">
     <span class='ocr_line' id='line_1_14' title="bbox 51 1393 994 1472; baseline 0.001 -22"><span class='ocrx_word' id='word_1_79' title='bbox 51 1410 97 1450; x_wconf 81' lang='lat' dir='ltr'><strong>reso</strong></span> <span class='ocrx_word' id='word_1_80' title='bbox 115 1415 184 1455; x_wconf 92' lang='lat' dir='ltr'><strong>cum</strong></span> <span class='ocrx_word' id='word_1_81' title='bbox 207 1399 308 1456; x_wconf 89' lang='lat' dir='ltr'><strong>tamen</strong></span> <span class='ocrx_word' id='word_1_82' title='bbox 330 1396 388 1455; x_wconf 91' lang='lat' dir='ltr'><strong>hoc</strong></span> <span class='ocrx_word' id='word_1_83' title='bbox 409 1397 519 1454; x_wconf 87' lang='lat' dir='ltr'><strong>natura</strong></span> <span class='ocrx_word' id='word_1_84' title='bbox 541 1398 643 1472; x_wconf 89' lang='lat' dir='ltr'><strong>neget,</strong></span> <span class='ocrx_word' id='word_1_85' title='bbox 666 1395 714 1454; x_wconf 92' lang='grc'><strong>661</strong></span> <span class='ocrx_word' id='word_1_86' title='bbox 737 1393 865 1470; x_wconf 90' lang='lat' dir='ltr'><strong>quilibet</strong></span> <span class='ocrx_word' id='word_1_87' title='bbox 887 1393 994 1452; x_wconf 90' lang='lat' dir='ltr'><strong>humor</strong></span> 
     </span>
     <span class='ocr_line' id='line_1_15' title="bbox 115 1482 973 1562; baseline -0.002 -18"><span class='ocrx_word' id='word_1_88' title='bbox 115 1505 295 1562; x_wconf 86' lang='lat' dir='ltr'><strong>exsuperans</strong></span> <span class='ocrx_word' id='word_1_89' title='bbox 318 1484 504 1560; x_wconf 78' lang='lat' dir='ltr'><strong>frmdumque</strong></span> <span class='ocrx_word' id='word_1_90' title='bbox 526 1485 643 1561; x_wconf 81' lang='lat' dir='ltr'><strong>replens</strong></span> <span class='ocrx_word' id='word_1_91' title='bbox 666 1484 800 1543; x_wconf 87' lang='lat' dir='ltr'><strong>matricis</strong></span> <span class='ocrx_word' id='word_1_92' title='bbox 822 1482 973 1542; x_wconf 88' lang='lat' dir='ltr'><strong>honestae.</strong></span> 
     </span>
     <span class='ocr_line' id='line_1_16' title="bbox 114 1571 942 1654; baseline -0.004 -20"><span class='ocrx_word' id='word_1_93' title='bbox 114 1574 279 1654; x_wconf 84' lang='lat' dir='ltr'><strong>Frigiditas</strong></span> <span class='ocrx_word' id='word_1_94' title='bbox 301 1573 483 1651; x_wconf 91' lang='lat' dir='ltr'><strong>quandoque</strong></span> <span class='ocrx_word' id='word_1_95' title='bbox 506 1573 588 1650; x_wconf 88' lang='lat' dir='ltr'><strong>parit</strong></span> <span class='ocrx_word' id='word_1_96' title='bbox 609 1573 765 1649; x_wconf 88' lang='lat' dir='ltr'><strong>morbique</strong></span> <span class='ocrx_word' id='word_1_97' title='bbox 787 1571 942 1632; x_wconf 86' lang='lat' dir='ltr'><strong>ministrat</strong></span> 
     </span>
    </p>

    <p class='ocr_par' dir='ltr' id='par_1_7' title="bbox 90 1662 972 1827">
     <span class='ocr_line' id='line_1_17' title="bbox 90 1662 972 1739; baseline -0.008 -13"><span class='ocrx_word' id='word_1_98' title='bbox 90 1683 251 1739; x_wconf 77' lang='lat' dir='ltr'><strong>causam,</strong></span> <span class='ocrx_word' id='word_1_99' title='bbox 275 1664 346 1722; x_wconf 92' lang='lat' dir='ltr'><strong>dum</strong></span> <span class='ocrx_word' id='word_1_100' title='bbox 370 1665 482 1722; x_wconf 88' lang='lat' dir='ltr'><strong>tractat</strong></span> <span class='ocrx_word' id='word_1_101' title='bbox 503 1664 638 1724; x_wconf 88' lang='lat' dir='ltr'><strong>matricis</strong></span> <span class='ocrx_word' id='word_1_102' title='bbox 661 1662 796 1736; x_wconf 88' lang='lat' dir='ltr'><strong>vincula,</strong></span> <span class='ocrx_word' id='word_1_103' title='bbox 819 1680 872 1738; x_wconf 92' lang='lat' dir='ltr'><strong>per</strong></span> <span class='ocrx_word' id='word_1_104' title='bbox 895 1680 972 1739; x_wconf 87' lang='lat' dir='ltr'><strong>quae</strong></span> 
     </span>
     <span class='ocr_line' id='line_1_18' title="bbox 115 1751 893 1827; baseline -0.004 -14"><span class='ocrx_word' id='word_1_105' title='bbox 115 1755 278 1814; x_wconf 83' lang='lat' dir='ltr'><strong>ancharum</strong></span> <span class='ocrx_word' id='word_1_106' title='bbox 300 1751 431 1812; x_wconf 89' lang='lat' dir='ltr'><strong>medium</strong></span> <span class='ocrx_word' id='word_1_107' title='bbox 454 1771 575 1812; x_wconf 85' lang='lat' dir='ltr'><strong>servans</strong></span> <span class='ocrx_word' id='word_1_108' title='bbox 599 1770 745 1827; x_wconf 89' lang='lat' dir='ltr'><strong>suspensa</strong></span> <span class='ocrx_word' id='word_1_109' title='bbox 767 1752 893 1811; x_wconf 84' lang='grc'><strong>16666111.</strong></span> 
     </span>
    </p>

    <p class='ocr_par' dir='ltr' id='par_1_8' title="bbox 51 1839 997 2278">
     <span class='ocr_line' id='line_1_19' title="bbox 51 1839 868 1919; baseline -0.004 -17"><span class='ocrx_word' id='word_1_110' title='bbox 51 1855 98 1895; x_wconf 75' lang='grc'><strong>1616</strong></span> <span class='ocrx_word' id='word_1_111' title='bbox 115 1842 232 1902; x_wconf 86' lang='lat' dir='ltr'><strong>Nuntia</strong></span> <span class='ocrx_word' id='word_1_112' title='bbox 254 1843 451 1919; x_wconf 87' lang='lat' dir='ltr'><strong>praeveniunt</strong></span> <span class='ocrx_word' id='word_1_113' title='bbox 473 1843 551 1902; x_wconf 89' lang='lat' dir='ltr'><strong>hanc</strong></span> <span class='ocrx_word' id='word_1_114' title='bbox 572 1861 682 1918; x_wconf 90' lang='lat' dir='ltr'><strong>penam</strong></span> <span class='ocrx_word' id='word_1_115' title='bbox 704 1839 868 1900; x_wconf 84' lang='lat' dir='ltr'><strong>debilitatis</strong></span> 
     </span>
     <span class='ocr_line' id='line_1_20' title="bbox 115 1931 874 2010; baseline 0 -20"><span class='ocrx_word' id='word_1_116' title='bbox 115 1932 258 2006; x_wconf 89' lang='lat' dir='ltr'><strong>insultus,</strong></span> <span class='ocrx_word' id='word_1_117' title='bbox 282 1951 371 1991; x_wconf 89' lang='lat' dir='ltr'><strong>coxae</strong></span> <span class='ocrx_word' id='word_1_118' title='bbox 395 1932 544 2010; x_wconf 89' lang='lat' dir='ltr'><strong>gravitas,</strong></span> <span class='ocrx_word' id='word_1_119' title='bbox 567 1935 597 1990; x_wconf 89' lang='lat' dir='ltr'><strong>et</strong></span> <span class='ocrx_word' id='word_1_120' title='bbox 619 1931 748 2006; x_wconf 90' lang='lat' dir='ltr'><strong>pectoris</strong></span> <span class='ocrx_word' id='word_1_121' title='bbox 772 1933 874 1990; x_wconf 85' lang='lat' dir='ltr'><strong>artans</strong></span> 
     </span>
     <span class='ocr_line' id='line_1_21' title="bbox 117 2018 997 2098; baseline -0.007 -17"><span class='ocrx_word' id='word_1_122' title='bbox 117 2023 349 2098; x_wconf 89' lang='lat' dir='ltr'><strong>circumquaque</strong></span> <span class='ocrx_word' id='word_1_123' title='bbox 373 2020 458 2080; x_wconf 92' lang='lat' dir='ltr'><strong>dolor</strong></span> <span class='ocrx_word' id='word_1_124' title='bbox 480 2023 589 2097; x_wconf 86' lang='lat' dir='ltr'><strong>partes.</strong></span> <span class='ocrx_word' id='word_1_125' title='bbox 627 2038 694 2078; x_wconf 88' lang='lat' dir='ltr'><strong>curn</strong></span> <span class='ocrx_word' id='word_1_126' title='bbox 716 2018 818 2094; x_wconf 87' lang='lat' dir='ltr'><strong>prodit</strong></span> <span class='ocrx_word' id='word_1_127' title='bbox 840 2020 872 2076; x_wconf 92' lang='lat' dir='ltr'><strong>iu</strong></span> <span class='ocrx_word' id='word_1_128' title='bbox 896 2019 997 2076; x_wconf 89' lang='lat' dir='ltr'><strong>actum</strong></span> 
     </span>
     <span class='ocr_line' id='line_1_22' title="bbox 115 2110 877 2188; baseline -0.007 -18"><span class='ocrx_word' id='word_1_129' title='bbox 115 2110 231 2188; x_wconf 86' lang='lat' dir='ltr'><strong>passio,</strong></span> <span class='ocrx_word' id='word_1_130' title='bbox 255 2110 387 2170; x_wconf 86' lang='lat' dir='ltr'><strong>defectus</strong></span> <span class='ocrx_word' id='word_1_131' title='bbox 411 2128 513 2170; x_wconf 88' lang='lat' dir='ltr'><strong>sensus</strong></span> <span class='ocrx_word' id='word_1_132' title='bbox 536 2113 695 2184; x_wconf 90' lang='lat' dir='ltr'><strong>motusque</strong></span> <span class='ocrx_word' id='word_1_133' title='bbox 718 2127 773 2183; x_wconf 91' lang='lat' dir='ltr'><strong>per</strong></span> <span class='ocrx_word' id='word_1_134' title='bbox 795 2111 877 2166; x_wconf 87' lang='lat' dir='ltr'><strong>artus</strong></span> 
     </span>
     <span class='ocr_line' id='line_1_23' title="bbox 118 2195 853 2278; baseline -0.005 -20"><span class='ocrx_word' id='word_1_135' title='bbox 118 2199 263 2274; x_wconf 85' lang='lat' dir='ltr'><strong>exoritur,</strong></span> <span class='ocrx_word' id='word_1_136' title='bbox 286 2199 414 2277; x_wconf 85' lang='lat' dir='ltr'><strong>regitiva</strong></span> <span class='ocrx_word' id='word_1_137' title='bbox 436 2201 516 2278; x_wconf 90' lang='lat' dir='ltr'><strong>perit</strong></span> <span class='ocrx_word' id='word_1_138' title='bbox 538 2218 592 2258; x_wconf 88' lang='lat' dir='ltr'><strong>nec</strong></span> <span class='ocrx_word' id='word_1_139' title='bbox 616 2199 748 2274; x_wconf 89' lang='lat' dir='ltr'><strong>corporis</strong></span> <span class='ocrx_word' id='word_1_140' title='bbox 772 2195 853 2274; x_wconf 85' lang='lat' dir='ltr'><strong>aegri</strong></span> 
     </span>
    </p>

    <p class='ocr_par' dir='ltr' id='par_1_9' title="bbox 54 2287 946 2636">
     <span class='ocr_line' id='line_1_24' title="bbox 54 2287 871 2364; baseline 0.006 -26"><span class='ocrx_word' id='word_1_141' title='bbox 54 2300 100 2340; x_wconf 83' lang='grc'><strong>1166</strong></span> <span class='ocrx_word' id='word_1_142' title='bbox 116 2288 251 2348; x_wconf 89' lang='lat' dir='ltr'><strong>membra</strong></span> <span class='ocrx_word' id='word_1_143' title='bbox 272 2291 374 2348; x_wconf 87' lang='lat' dir='ltr'><strong>movet</strong></span> <span class='ocrx_word' id='word_1_144' title='bbox 395 2288 506 2364; x_wconf 84' lang='lat' dir='ltr'><strong>virtus,</strong></span> <span class='ocrx_word' id='word_1_145' title='bbox 528 2289 579 2347; x_wconf 85' lang='lat' dir='ltr'><strong>vix</strong></span> <span class='ocrx_word' id='word_1_146' title='bbox 600 2287 760 2362; x_wconf 91' lang='lat' dir='ltr'><strong>inspiratio</strong></span> <span class='ocrx_word' id='word_1_147' title='bbox 783 2303 871 2344; x_wconf 91' lang='lat' dir='ltr'><strong>sensu</strong></span> 
     </span>
     <span class='ocr_line' id='line_1_25' title="bbox 116 2374 946 2456; baseline -0.004 -18"><span class='ocrx_word' id='word_1_148' title='bbox 116 2378 283 2456; x_wconf 88' lang='lat' dir='ltr'><strong>percipitur</strong></span> <span class='ocrx_word' id='word_1_149' title='bbox 305 2377 476 2456; x_wconf 80' lang='lat' dir='ltr'><strong>digitusque</strong></span> <span class='ocrx_word' id='word_1_150' title='bbox 498 2378 606 2454; x_wconf 85' lang='lat' dir='ltr'><strong>nequit</strong></span> <span class='ocrx_word' id='word_1_151' title='bbox 627 2375 792 2435; x_wconf 88' lang='lat' dir='ltr'><strong>discernere</strong></span> <span class='ocrx_word' id='word_1_152' title='bbox 814 2374 946 2452; x_wconf 88' lang='lat' dir='ltr'><strong>pulsum.</strong></span> 
     </span>
     <span class='ocr_line' id='line_1_26' title="bbox 118 2465 900 2546; baseline -0.004 -19"><span class='ocrx_word' id='word_1_153' title='bbox 118 2469 264 2527; x_wconf 84' lang='lat' dir='ltr'><strong>examinis</strong></span> <span class='ocrx_word' id='word_1_154' title='bbox 287 2468 404 2545; x_wconf 84' lang='lat' dir='ltr'><strong>patiens</strong></span> <span class='ocrx_word' id='word_1_155' title='bbox 428 2471 550 2546; x_wconf 87' lang='lat' dir='ltr'><strong>generat</strong></span> <span class='ocrx_word' id='word_1_156' title='bbox 573 2465 731 2525; x_wconf 91' lang='lat' dir='ltr'><strong>discrimen</strong></span> <span class='ocrx_word' id='word_1_157' title='bbox 755 2465 900 2524; x_wconf 81' lang='lat' dir='ltr'><strong>etinfert</strong></span> 
     </span>
     <span class='ocr_line' id='line_1_27' title="bbox 118 2554 873 2636; baseline -0.004 -21"><span class='ocrx_word' id='word_1_158' title='bbox 118 2556 307 2636; x_wconf 88' lang='lat' dir='ltr'><strong>ambiguum,</strong></span> <span class='ocrx_word' id='word_1_159' title='bbox 330 2560 421 2616; x_wconf 89' lang='lat' dir='ltr'><strong>nutat</strong></span> <span class='ocrx_word' id='word_1_160' title='bbox 442 2557 574 2634; x_wconf 87' lang='lat' dir='ltr'><strong>phisicae</strong></span> <span class='ocrx_word' id='word_1_161' title='bbox 598 2554 725 2614; x_wconf 88' lang='lat' dir='ltr'><strong>rationis</strong></span> <span class='ocrx_word' id='word_1_162' title='bbox 749 2573 873 2612; x_wconf 88' lang='lat' dir='ltr'><strong>acumen</strong></span> 
     </span>
    </p>
   </div>
   <div class='ocr_carea' id='block_1_3' title="bbox 118 2672 1137 3617">
    <p class='ocr_par' dir='ltr' id='par_1_10' title="bbox 118 2672 1137 3617">
     <span class='ocr_line' id='line_1_28' title="bbox 191 2672 1135 2761; baseline -0.007 -15"><span class='ocrx_word' id='word_1_163' title='bbox 191 2696 261 2746; x_wconf 78' lang='grc'><strong>1679</strong></span> <span class='ocrx_word' id='word_1_164' title='bbox 280 2690 468 2746; x_wconf 72' lang='lat' dir='ltr'><strong>substollit2b</strong></span> <span class='ocrx_word' id='word_1_165' title='bbox 486 2690 495 2761; x_wconf 78' lang='grc' dir='ltr'>Η</span> <span class='ocrx_word' id='word_1_166' title='bbox 515 2695 584 2744; x_wconf 82' lang='grc'><strong>1686</strong></span> <span class='ocrx_word' id='word_1_167' title='bbox 601 2691 713 2743; x_wconf 87' lang='lat' dir='ltr'><strong>asuetos</strong></span> <span class='ocrx_word' id='word_1_168' title='bbox 728 2689 743 2744; x_wconf 92' lang='grc'><strong>6</strong></span> <span class='ocrx_word' id='word_1_169' title='bbox 760 2691 764 2756; x_wconf 84' lang='grc'><strong>1</strong></span> <span class='ocrx_word' id='word_1_170' title='bbox 780 2687 902 2742; x_wconf 90' lang='lat' dir='ltr'><strong>veneris:</strong></span> <span class='ocrx_word' id='word_1_171' title='bbox 920 2685 1006 2740; x_wconf 83' lang='grc'><strong>666116</strong></span> <span class='ocrx_word' id='word_1_172' title='bbox 1025 2685 1040 2740; x_wconf 92' lang='grc'><strong>6</strong></span> <span class='ocrx_word' id='word_1_173' title='bbox 1057 2687 1061 2753; x_wconf 93' lang='grc' dir='ltr'>Ι</span> <span class='ocrx_word' id='word_1_174' title='bbox 1078 2672 1135 2756; x_wconf 72' lang='lat' dir='ltr'><strong>sgsg‘</strong></span> 
     </span>
     <span class='ocr_line' id='line_1_29' title="bbox 118 2757 1135 2834; baseline -0.005 -17"><span class='ocrx_word' id='word_1_175' title='bbox 118 2757 1135 2834; x_wconf 62' lang='grc'><strong>61116886661111616616616666666616166666166111690116·</strong></span> 
     </span>
     <span class='ocr_line' id='line_1_30' title="bbox 119 2829 1137 2904; baseline -0.004 -16"><span class='ocrx_word' id='word_1_176' title='bbox 119 2837 184 2888; x_wconf 85' lang='lat' dir='ltr'><strong>tura</strong></span> <span class='ocrx_word' id='word_1_177' title='bbox 202 2839 299 2903; x_wconf 87' lang='lat' dir='ltr'><strong>neget:</strong></span> <span class='ocrx_word' id='word_1_178' title='bbox 323 2834 635 2901; x_wconf 64' lang='grc'><strong>66061661.6161.6,11</strong></span> <span class='ocrx_word' id='word_1_179' title='bbox 658 2832 667 2904; x_wconf 71' lang='grc'><strong>11</strong></span> <span class='ocrx_word' id='word_1_180' title='bbox 692 2837 759 2886; x_wconf 88' lang='grc'><strong>1691</strong></span> <span class='ocrx_word' id='word_1_181' title='bbox 780 2831 900 2885; x_wconf 83' lang='lat' dir='ltr'><strong>honusta</strong></span> <span class='ocrx_word' id='word_1_182' title='bbox 919 2832 1074 2899; x_wconf 78' lang='lat' dir='ltr'><strong>(utsupra)</strong></span> <span class='ocrx_word' id='word_1_183' title='bbox 1093 2831 1109 2884; x_wconf 92' lang='grc'><strong>6</strong></span> <span class='ocrx_word' id='word_1_184' title='bbox 1127 2829 1137 2902; x_wconf 72' lang='lat' dir='ltr'><strong>b</strong></span> 
     </span>
     <span class='ocr_line' id='line_1_31' title="bbox 120 2903 1135 2974; baseline -0.004 -16"><span class='ocrx_word' id='word_1_185' title='bbox 120 2910 190 2960; x_wconf 86' lang='grc'><strong>1696</strong></span> <span class='ocrx_word' id='word_1_186' title='bbox 213 2904 321 2959; x_wconf 82' lang='lat' dir='ltr'><strong>Nuccia</strong></span> <span class='ocrx_word' id='word_1_187' title='bbox 344 2905 479 2966; x_wconf 82' lang='lat' dir='ltr'><strong>pseuiunt</strong></span> <span class='ocrx_word' id='word_1_188' title='bbox 502 2904 688 2974; x_wconf 89' lang='lat' dir='ltr'><strong>(perveniunt)</strong></span> <span class='ocrx_word' id='word_1_189' title='bbox 713 2906 728 2958; x_wconf 93' lang='grc'><strong>6</strong></span> <span class='ocrx_word' id='word_1_190' title='bbox 752 2903 762 2974; x_wconf 70' lang='lat' dir='ltr'><strong>ll</strong></span> <span class='ocrx_word' id='word_1_191' title='bbox 787 2906 855 2957; x_wconf 77' lang='grc'><strong>1661</strong></span> <span class='ocrx_word' id='word_1_192' title='bbox 878 2903 1006 2970; x_wconf 64' lang='lat' dir='ltr'><strong>pertesi:</strong></span> <span class='ocrx_word' id='word_1_193' title='bbox 1031 2918 1135 2969; x_wconf 88' lang='lat' dir='ltr'><strong>paucos</strong></span> 
     </span>
     <span class='ocr_line' id='line_1_32' title="bbox 119 2972 1135 3048; baseline -0.008 -15"><span class='ocrx_word' id='word_1_194' title='bbox 119 2978 179 3044; x_wconf 78' lang='lat' dir='ltr'><strong>(sic)</strong></span> <span class='ocrx_word' id='word_1_195' title='bbox 206 2977 222 3032; x_wconf 94' lang='grc'><strong>6</strong></span> <span class='ocrx_word' id='word_1_196' title='bbox 248 2976 258 3048; x_wconf 73' lang='lat' dir='ltr'><strong>b</strong></span> <span class='ocrx_word' id='word_1_197' title='bbox 286 2980 355 3030; x_wconf 80' lang='grc'><strong>1106</strong></span> <span class='ocrx_word' id='word_1_198' title='bbox 381 2976 489 3045; x_wconf 88' lang='lat' dir='ltr'><strong>phisioe</strong></span> <span class='ocrx_word' id='word_1_199' title='bbox 518 2974 640 3030; x_wconf 85' lang='lat' dir='ltr'><strong>racionis</strong></span> <span class='ocrx_word' id='word_1_200' title='bbox 670 2991 801 3029; x_wconf 87' lang='lat' dir='ltr'><strong>acumen:</strong></span> <span class='ocrx_word' id='word_1_201' title='bbox 833 2973 907 3028; x_wconf 83' lang='lat' dir='ltr'><strong>Plat.</strong></span> <span class='ocrx_word' id='word_1_202' title='bbox 936 2989 989 3026; x_wconf 92' lang='lat' dir='ltr'><strong>neo</strong></span> <span class='ocrx_word' id='word_1_203' title='bbox 1019 2973 1049 3025; x_wconf 93' lang='lat' dir='ltr'><strong>in</strong></span> <span class='ocrx_word' id='word_1_204' title='bbox 1080 2972 1135 3026; x_wconf 89' lang='lat' dir='ltr'><strong>alio</strong></span> 
     </span>
     <span class='ocr_line' id='line_1_33' title="bbox 119 3042 1136 3116; baseline -0.007 -14"><span class='ocrx_word' id='word_1_205' title='bbox 119 3049 180 3102; x_wconf 84' lang='lat' dir='ltr'><strong>vita</strong></span> <span class='ocrx_word' id='word_1_206' title='bbox 199 3047 356 3116; x_wconf 87' lang='lat' dir='ltr'><strong>percipitur</strong></span> <span class='ocrx_word' id='word_1_207' title='bbox 376 3048 431 3101; x_wconf 90' lang='lat' dir='ltr'><strong>nisi</strong></span> <span class='ocrx_word' id='word_1_208' title='bbox 451 3049 481 3101; x_wconf 92' lang='lat' dir='ltr'><strong>in</strong></span> <span class='ocrx_word' id='word_1_209' title='bbox 506 3047 564 3101; x_wconf 93' lang='lat' dir='ltr'><strong>solo</strong></span> <span class='ocrx_word' id='word_1_210' title='bbox 587 3046 687 3100; x_wconf 88' lang='lat' dir='ltr'><strong>floculo</strong></span> <span class='ocrx_word' id='word_1_211' title='bbox 710 3046 776 3100; x_wconf 87' lang='lat' dir='ltr'><strong>lane</strong></span> <span class='ocrx_word' id='word_1_212' title='bbox 795 3045 910 3099; x_wconf 86' lang='lat' dir='ltr'><strong>naribus</strong></span> <span class='ocrx_word' id='word_1_213' title='bbox 929 3044 1069 3113; x_wconf 83' lang='lat' dir='ltr'><strong>apposito.</strong></span> <span class='ocrx_word' id='word_1_214' title='bbox 1091 3042 1136 3097; x_wconf 94' lang='grc'><strong>661</strong></span> 
     </span>
     <span class='ocr_line' id='line_1_34' title="bbox 120 3117 1135 3188; baseline -0.007 -14"><span class='ocrx_word' id='word_1_215' title='bbox 120 3135 155 3174; x_wconf 88' lang='lat' dir='ltr'><strong>ex</strong></span> <span class='ocrx_word' id='word_1_216' title='bbox 180 3118 306 3188; x_wconf 88' lang='lat' dir='ltr'><strong>ampulla</strong></span> <span class='ocrx_word' id='word_1_217' title='bbox 331 3119 429 3173; x_wconf 84' lang='lat' dir='ltr'><strong>vitrea.</strong></span> <span class='ocrx_word' id='word_1_218' title='bbox 455 3121 488 3174; x_wconf 89' lang='lat' dir='ltr'><strong>ut</strong></span> <span class='ocrx_word' id='word_1_219' title='bbox 513 3118 584 3173; x_wconf 90' lang='lat' dir='ltr'><strong>dicit</strong></span> <span class='ocrx_word' id='word_1_220' title='bbox 609 3117 640 3172; x_wconf 80' lang='lat' dir='ltr'><strong>G.</strong></span> <span class='ocrx_word' id='word_1_221' title='bbox 665 3118 867 3187; x_wconf 75' lang='grc'><strong>(6661106666.</strong></span> <span class='ocrx_word' id='word_1_222' title='bbox 890 3118 955 3170; x_wconf 78' lang='lat' dir='ltr'><strong>aiut.</strong></span> <span class='ocrx_word' id='word_1_223' title='bbox 975 3118 1063 3182; x_wconf 82' lang='lat'><strong>6,11)</strong></span> <span class='ocrx_word' id='word_1_224' title='bbox 1088 3120 1135 3168; x_wconf 83' lang='lat' dir='ltr'><strong>etc.</strong></span> 
     </span>
     <span class='ocr_line' id='line_1_35' title="bbox 120 3187 1136 3260; baseline -0.008 -15"><span class='ocrx_word' id='word_1_225' title='bbox 120 3192 154 3258; x_wconf 75' lang='lat' dir='ltr'><strong>cf.</strong></span> <span class='ocrx_word' id='word_1_226' title='bbox 175 3193 217 3246; x_wconf 89' lang='lat' dir='ltr'><strong>Io.</strong></span> <span class='ocrx_word' id='word_1_227' title='bbox 241 3189 471 3260; x_wconf 84' lang='lat' dir='ltr'><strong>constringuntur</strong></span> <span class='ocrx_word' id='word_1_228' title='bbox 494 3189 654 3258; x_wconf 87' lang='lat' dir='ltr'><strong>spiritualia</strong></span> <span class='ocrx_word' id='word_1_229' title='bbox 677 3189 723 3258; x_wconf 79' lang='lat' dir='ltr'><strong>(cf.</strong></span> <span class='ocrx_word' id='word_1_230' title='bbox 742 3189 837 3258; x_wconf 74' lang='lat' dir='ltr'><strong>Plau).</strong></span> <span class='ocrx_word' id='word_1_231' title='bbox 866 3203 962 3242; x_wconf 90' lang='lat' dir='ltr'><strong>sensus</strong></span> <span class='ocrx_word' id='word_1_232' title='bbox 988 3187 1017 3240; x_wconf 89' lang='lat' dir='ltr'><strong>et</strong></span> <span class='ocrx_word' id='word_1_233' title='bbox 1044 3188 1136 3238; x_wconf 90' lang='lat' dir='ltr'><strong>motus</strong></span> 
     </span>
     <span class='ocr_line' id='line_1_36' title="bbox 120 3256 1137 3330; baseline -0.009 -13"><span class='ocrx_word' id='word_1_234' title='bbox 120 3263 175 3317; x_wconf 86' lang='lat' dir='ltr'><strong>toti</strong></span> <span class='ocrx_word' id='word_1_235' title='bbox 203 3261 370 3316; x_wconf 86' lang='lat' dir='ltr'><strong>auferuntur</strong></span> <span class='ocrx_word' id='word_1_236' title='bbox 394 3261 512 3330; x_wconf 85' lang='lat' dir='ltr'><strong>corpori.</strong></span> <span class='ocrx_word' id='word_1_237' title='bbox 539 3277 607 3316; x_wconf 87' lang='grc'><strong>6666</strong></span> <span class='ocrx_word' id='word_1_238' title='bbox 635 3261 790 3330; x_wconf 82' lang='lat' dir='ltr'><strong>privantur.</strong></span> <span class='ocrx_word' id='word_1_239' title='bbox 823 3257 921 3327; x_wconf 87' lang='lat' dir='ltr'><strong>pulsus</strong></span> <span class='ocrx_word' id='word_1_240' title='bbox 951 3256 1137 3326; x_wconf 87' lang='lat' dir='ltr'><strong>spississimus</strong></span> 
     </span>
     <span class='ocr_line' id='line_1_37' title="bbox 121 3329 1136 3396; baseline -0.006 -8"><span class='ocrx_word' id='word_1_241' title='bbox 121 3337 150 3389; x_wconf 91' lang='grc'><strong>66</strong></span> <span class='ocrx_word' id='word_1_242' title='bbox 168 3333 376 3389; x_wconf 85' lang='lat' dir='ltr'><strong>defectissimus</strong></span> <span class='ocrx_word' id='word_1_243' title='bbox 395 3336 445 3387; x_wconf 88' lang='lat' dir='ltr'><strong>aut</strong></span> <span class='ocrx_word' id='word_1_244' title='bbox 463 3331 557 3386; x_wconf 91' lang='lat' dir='ltr'><strong>nullus</strong></span> <span class='ocrx_word' id='word_1_245' title='bbox 575 3332 717 3386; x_wconf 87' lang='lat' dir='ltr'><strong>invenitur</strong></span> <span class='ocrx_word' id='word_1_246' title='bbox 734 3331 810 3386; x_wconf 88' lang='lat' dir='ltr'><strong>unde</strong></span> <span class='ocrx_word' id='word_1_247' title='bbox 829 3331 940 3385; x_wconf 89' lang='lat' dir='ltr'><strong>mortue</strong></span> <span class='ocrx_word' id='word_1_248' title='bbox 962 3329 1136 3396; x_wconf 84' lang='lat' dir='ltr'><strong>reputantur.</strong></span> 
     </span>
     <span class='ocr_line' id='line_1_38' title="bbox 122 3397 1136 3476; baseline -0.009 -17"><span class='ocrx_word' id='word_1_249' title='bbox 122 3405 239 3476; x_wconf 83' lang='lat' dir='ltr'><strong>Signum</strong></span> <span class='ocrx_word' id='word_1_250' title='bbox 259 3407 354 3459; x_wconf 87' lang='lat' dir='ltr'><strong>autem</strong></span> <span class='ocrx_word' id='word_1_251' title='bbox 371 3405 430 3458; x_wconf 87' lang='lat' dir='ltr'><strong>vite</strong></span> <span class='ocrx_word' id='word_1_252' title='bbox 448 3404 478 3457; x_wconf 92' lang='lat' dir='ltr'><strong>in</strong></span> <span class='ocrx_word' id='word_1_253' title='bbox 497 3404 537 3458; x_wconf 85' lang='lat' dir='ltr'><strong>eis</strong></span> <span class='ocrx_word' id='word_1_254' title='bbox 560 3404 614 3458; x_wconf 83' lang='lat' dir='ltr'><strong>hoc</strong></span> <span class='ocrx_word' id='word_1_255' title='bbox 636 3405 686 3458; x_wconf 90' lang='lat' dir='ltr'><strong>est.</strong></span> <span class='ocrx_word' id='word_1_256' title='bbox 710 3402 813 3457; x_wconf 88' lang='lat' dir='ltr'><strong>floccus</strong></span> <span class='ocrx_word' id='word_1_257' title='bbox 831 3401 896 3456; x_wconf 81' lang='lat' dir='ltr'><strong>lans</strong></span> <span class='ocrx_word' id='word_1_258' title='bbox 914 3397 1031 3453; x_wconf 81' lang='lat' dir='ltr'><strong>naribus</strong></span> <span class='ocrx_word' id='word_1_259' title='bbox 1050 3414 1136 3467; x_wconf 85' lang='lat' dir='ltr'><strong>appo-</strong></span> 
     </span>
     <span class='ocr_line' id='line_1_39' title="bbox 122 3469 1135 3543; baseline -0.009 -13"><span class='ocrx_word' id='word_1_260' title='bbox 122 3478 192 3532; x_wconf 88' lang='lat' dir='ltr'><strong>situs</strong></span> <span class='ocrx_word' id='word_1_261' title='bbox 210 3479 345 3532; x_wconf 82' lang='lat' dir='ltr'><strong>moretur.</strong></span> <span class='ocrx_word' id='word_1_262' title='bbox 366 3490 416 3529; x_wconf 84' lang='grc'><strong>666</strong></span> <span class='ocrx_word' id='word_1_263' title='bbox 431 3491 552 3543; x_wconf 84' lang='lat' dir='ltr'><strong>parvum</strong></span> <span class='ocrx_word' id='word_1_264' title='bbox 571 3490 644 3542; x_wconf 87' lang='lat' dir='ltr'><strong>aque</strong></span> <span class='ocrx_word' id='word_1_265' title='bbox 662 3475 776 3543; x_wconf 90' lang='lat' dir='ltr'><strong>plenum</strong></span> <span class='ocrx_word' id='word_1_266' title='bbox 794 3488 879 3540; x_wconf 87' lang='lat' dir='ltr'><strong>super</strong></span> <span class='ocrx_word' id='word_1_267' title='bbox 896 3473 995 3539; x_wconf 89' lang='lat' dir='ltr'><strong>pectus</strong></span> <span class='ocrx_word' id='word_1_268' title='bbox 1012 3469 1135 3538; x_wconf 87' lang='lat' dir='ltr'><strong>positum</strong></span> 
     </span>
     <span class='ocr_line' id='line_1_40' title="bbox 122 3537 1135 3617; baseline -0.012 -14"><span class='ocrx_word' id='word_1_269' title='bbox 122 3551 248 3602; x_wconf 84' lang='lat' dir='ltr'><strong>movetur</strong></span> <span class='ocrx_word' id='word_1_270' title='bbox 270 3563 371 3617; x_wconf 88' lang='lat' dir='ltr'><strong>parum</strong></span> <span class='ocrx_word' id='word_1_271' title='bbox 395 3549 424 3600; x_wconf 92' lang='lat' dir='ltr'><strong>et</strong></span> <span class='ocrx_word' id='word_1_272' title='bbox 446 3546 476 3599; x_wconf 92' lang='lat' dir='ltr'><strong>iu</strong></span> <span class='ocrx_word' id='word_1_273' title='bbox 499 3547 577 3598; x_wconf 89' lang='lat' dir='ltr'><strong>motu</strong></span> <span class='ocrx_word' id='word_1_274' title='bbox 600 3561 672 3612; x_wconf 89' lang='lat' dir='ltr'><strong>aque</strong></span> <span class='ocrx_word' id='word_1_275' title='bbox 694 3543 879 3612; x_wconf 86' lang='lat' dir='ltr'><strong>intelligimus</strong></span> <span class='ocrx_word' id='word_1_276' title='bbox 902 3541 997 3594; x_wconf 84' lang='lat' dir='ltr'><strong>vitam.</strong></span> <span class='ocrx_word' id='word_1_277' title='bbox 1020 3537 1135 3593; x_wconf 88' lang='lat' dir='ltr'><strong>confun-</strong></span> 
     </span>
    </p>
   </div>
   <div class='ocr_carea' id='block_1_4' title="bbox 0 0 1318 3900">
    <p class='ocr_par' dir='ltr' id='par_1_11' title="bbox 0 0 1318 3900">
     <span class='ocr_line' id='line_1_41' title="bbox 0 0 1318 3900; baseline 0 0"><span class='ocrx_word' id='word_1_278' title='bbox 0 0 1318 3900; x_wconf 95' lang='lat' dir='ltr'><strong> </strong></span> 
     </span>
    </p>
   </div>
  </div>
 </body>
</html>
