<?xml version="1.0" encoding="UTF-8"?>
<!DOCTYPE html PUBLIC "-//W3C//DTD XHTML 1.0 Transitional//EN"
    "http://www.w3.org/TR/xhtml1/DTD/xhtml1-transitional.dtd">
<html xmlns="http://www.w3.org/1999/xhtml" xml:lang="en" lang="en">
 <head>
  <title>
</title>
<meta http-equiv="Content-Type" content="text/html;charset=utf-8" />
  <meta name='ocr-system' content='tesseract 3.04.00' />
  <meta name='ocr-capabilities' content='ocr_page ocr_carea ocr_par ocr_line ocrx_word'/>
</head>
<body>
  <div class='ocr_page' id='page_1' title='image "./egidiicorbolien02rosegoog_0121.png"; bbox 0 0 2604 3900; ppageno 0'>
   <div class='ocr_carea' id='block_1_1' title="bbox 152 139 717 252">
    <p class='ocr_par' dir='ltr' id='par_1_1' title="bbox 152 139 717 252">
     <span class='ocr_line' id='line_1_1' title="bbox 152 139 717 252; baseline -0.002 -16"><span class='ocrx_word' id='word_1_1' title='bbox 152 185 194 252; x_wconf 86' lang='lat'><strong>86</strong></span> <span class='ocrx_word' id='word_1_2' title='bbox 288 139 298 156; x_wconf 83' lang='grc'><strong>’</strong></span> <span class='ocrx_word' id='word_1_3' title='bbox 602 180 717 236; x_wconf 83' lang='lat' dir='ltr'><strong>namn</strong></span> 
     </span>
    </p>
   </div>
   <div class='ocr_carea' id='block_1_2' title="bbox 26 332 1038 2460">
    <p class='ocr_par' dir='ltr' id='par_1_2' title="bbox 150 332 971 498">
     <span class='ocr_line' id='line_1_2' title="bbox 150 332 971 410; baseline 0.001 -18"><span class='ocrx_word' id='word_1_4' title='bbox 150 333 312 408; x_wconf 85' lang='lat' dir='ltr'><strong>infestans,</strong></span> <span class='ocrx_word' id='word_1_5' title='bbox 335 350 525 409; x_wconf 86' lang='lat' dir='ltr'><strong>summosque</strong></span> <span class='ocrx_word' id='word_1_6' title='bbox 547 332 659 410; x_wconf 86' lang='lat' dir='ltr'><strong>gradus</strong></span> <span class='ocrx_word' id='word_1_7' title='bbox 684 334 730 391; x_wconf 87' lang='lat' dir='ltr'><strong>est</strong></span> <span class='ocrx_word' id='word_1_8' title='bbox 751 335 841 391; x_wconf 88' lang='lat' dir='ltr'><strong>nacta</strong></span> <span class='ocrx_word' id='word_1_9' title='bbox 865 333 971 394; x_wconf 87' lang='lat' dir='ltr'><strong>coloris</strong></span> 
     </span>
     <span class='ocr_line' id='line_1_3' title="bbox 152 421 840 498; baseline -0.001 -16"><span class='ocrx_word' id='word_1_10' title='bbox 152 421 253 482; x_wconf 77' lang='lat' dir='ltr'><strong>citrini</strong></span> <span class='ocrx_word' id='word_1_11' title='bbox 274 422 403 482; x_wconf 75' lang='lat' dir='ltr'><strong>rutilans</strong></span> <span class='ocrx_word' id='word_1_12' title='bbox 427 421 545 496; x_wconf 85' lang='lat' dir='ltr'><strong>effirsio,</strong></span> <span class='ocrx_word' id='word_1_13' title='bbox 570 441 660 498; x_wconf 87' lang='lat' dir='ltr'><strong>qnam</strong></span> <span class='ocrx_word' id='word_1_14' title='bbox 682 421 840 481; x_wconf 87' lang='lat' dir='ltr'><strong>mediocris</strong></span> 
     </span>
    </p>

    <p class='ocr_par' dir='ltr' id='par_1_3' title="bbox 80 510 971 944">
     <span class='ocr_line' id='line_1_4' title="bbox 80 510 936 589; baseline 0 -18"><span class='ocrx_word' id='word_1_15' title='bbox 80 532 134 572; x_wconf 84' lang='lat' dir='ltr'><strong>aoso</strong></span> <span class='ocrx_word' id='word_1_16' title='bbox 151 513 220 588; x_wconf 92' lang='lat' dir='ltr'><strong>plus</strong></span> <span class='ocrx_word' id='word_1_17' title='bbox 242 513 341 571; x_wconf 88' lang='lat' dir='ltr'><strong>tenuis</strong></span> <span class='ocrx_word' id='word_1_18' title='bbox 364 511 465 571; x_wconf 89' lang='lat' dir='ltr'><strong>firmat</strong></span> <span class='ocrx_word' id='word_1_19' title='bbox 487 510 666 570; x_wconf 88' lang='lat' dir='ltr'><strong>substantia.</strong></span> <span class='ocrx_word' id='word_1_20' title='bbox 704 511 791 589; x_wconf 80' lang='lat' dir='ltr'><strong>signa</strong></span> <span class='ocrx_word' id='word_1_21' title='bbox 812 510 936 571; x_wconf 87' lang='lat' dir='ltr'><strong>minoris</strong></span> 
     </span>
     <span class='ocr_line' id='line_1_5' title="bbox 152 600 957 678; baseline -0.001 -18"><span class='ocrx_word' id='word_1_22' title='bbox 152 600 404 678; x_wconf 83' lang='lat' dir='ltr'><strong>insinuantpane</strong></span> <span class='ocrx_word' id='word_1_23' title='bbox 428 601 592 660; x_wconf 87' lang='lat' dir='ltr'><strong>stimulum.</strong></span> <span class='ocrx_word' id='word_1_24' title='bbox 629 619 699 658; x_wconf 90' lang='lat' dir='ltr'><strong>nam</strong></span> <span class='ocrx_word' id='word_1_25' title='bbox 722 602 828 678; x_wconf 81' lang='lat' dir='ltr'><strong>gustus</strong></span> <span class='ocrx_word' id='word_1_26' title='bbox 850 602 883 659; x_wconf 91' lang='lat' dir='ltr'><strong>in</strong></span> <span class='ocrx_word' id='word_1_27' title='bbox 907 619 957 660; x_wconf 90' lang='lat' dir='ltr'><strong>ore</strong></span> 
     </span>
     <span class='ocr_line' id='line_1_6' title="bbox 152 688 971 767; baseline -0.002 -17"><span class='ocrx_word' id='word_1_28' title='bbox 152 691 274 767; x_wconf 91' lang='lat' dir='ltr'><strong>parcius</strong></span> <span class='ocrx_word' id='word_1_29' title='bbox 297 689 433 765; x_wconf 87' lang='lat' dir='ltr'><strong>offendit,</strong></span> <span class='ocrx_word' id='word_1_30' title='bbox 457 689 522 749; x_wconf 86' lang='lat' dir='ltr'><strong>sitis</strong></span> <span class='ocrx_word' id='word_1_31' title='bbox 546 691 592 748; x_wconf 87' lang='lat' dir='ltr'><strong>est</strong></span> <span class='ocrx_word' id='word_1_32' title='bbox 614 688 745 764; x_wconf 87' lang='lat' dir='ltr'><strong>brevior,</strong></span> <span class='ocrx_word' id='word_1_33' title='bbox 769 689 854 748; x_wconf 92' lang='lat' dir='ltr'><strong>dolor</strong></span> <span class='ocrx_word' id='word_1_34' title='bbox 876 691 971 750; x_wconf 89' lang='lat' dir='ltr'><strong>instat</strong></span> 
     </span>
     <span class='ocr_line' id='line_1_7' title="bbox 152 777 843 855; baseline 0 -17"><span class='ocrx_word' id='word_1_35' title='bbox 152 780 249 838; x_wconf 90' lang='lat' dir='ltr'><strong>lenius</strong></span> <span class='ocrx_word' id='word_1_36' title='bbox 273 782 303 839; x_wconf 91' lang='lat' dir='ltr'><strong>et</strong></span> <span class='ocrx_word' id='word_1_37' title='bbox 325 779 430 855; x_wconf 89' lang='lat' dir='ltr'><strong>pulsus</strong></span> <span class='ocrx_word' id='word_1_38' title='bbox 453 778 598 854; x_wconf 75' lang='lat' dir='ltr'><strong>torpescit</strong></span> <span class='ocrx_word' id='word_1_39' title='bbox 619 777 735 837; x_wconf 79' lang='lat' dir='ltr'><strong>tardior</strong></span> <span class='ocrx_word' id='word_1_40' title='bbox 757 779 843 838; x_wconf 89' lang='lat' dir='ltr'><strong>ictus.</strong></span> 
     </span>
     <span class='ocr_line' id='line_1_8' title="bbox 153 865 817 944; baseline -0.003 -17"><span class='ocrx_word' id='word_1_41' title='bbox 153 868 247 928; x_wconf 81' lang='lat' dir='ltr'><strong>Facta</strong></span> <span class='ocrx_word' id='word_1_42' title='bbox 269 868 400 928; x_wconf 84' lang='lat' dir='ltr'><strong>vitellini</strong></span> <span class='ocrx_word' id='word_1_43' title='bbox 422 865 512 928; x_wconf 86' lang='lat' dir='ltr'><strong>febris</strong></span> <span class='ocrx_word' id='word_1_44' title='bbox 535 866 694 944; x_wconf 78' lang='lat' dir='ltr'><strong>putredine</strong></span> <span class='ocrx_word' id='word_1_45' title='bbox 717 867 817 943; x_wconf 79' lang='lat' dir='ltr'><strong>chymi</strong></span> 
     </span>
    </p>

    <p class='ocr_par' dir='ltr' id='par_1_4' title="bbox 82 956 1013 1392">
     <span class='ocr_line' id='line_1_9' title="bbox 82 956 800 1035; baseline -0.003 -17"><span class='ocrx_word' id='word_1_46' title='bbox 82 959 184 1019; x_wconf 79' lang='lat' dir='ltr'><strong>accain</strong></span> <span class='ocrx_word' id='word_1_47' title='bbox 208 957 385 1034; x_wconf 87' lang='lat' dir='ltr'><strong>vespertinis</strong></span> <span class='ocrx_word' id='word_1_48' title='bbox 409 957 551 1018; x_wconf 86' lang='lat' dir='ltr'><strong>offensam</strong></span> <span class='ocrx_word' id='word_1_49' title='bbox 574 956 695 1035; x_wconf 78' lang='lat' dir='ltr'><strong>frigoris</strong></span> <span class='ocrx_word' id='word_1_50' title='bbox 718 956 800 1016; x_wconf 87' lang='lat' dir='ltr'><strong>horis</strong></span> 
     </span>
     <span class='ocr_line' id='line_1_10' title="bbox 153 1045 880 1123; baseline -0.004 -17"><span class='ocrx_word' id='word_1_51' title='bbox 153 1045 293 1123; x_wconf 87' lang='lat' dir='ltr'><strong>primitus</strong></span> <span class='ocrx_word' id='word_1_52' title='bbox 315 1046 443 1121; x_wconf 83' lang='lat' dir='ltr'><strong>inducit,</strong></span> <span class='ocrx_word' id='word_1_53' title='bbox 466 1045 601 1122; x_wconf 91' lang='lat' dir='ltr'><strong>lenisque</strong></span> <span class='ocrx_word' id='word_1_54' title='bbox 625 1045 733 1105; x_wconf 85' lang='lat' dir='ltr'><strong>caloris</strong></span> <span class='ocrx_word' id='word_1_55' title='bbox 757 1063 880 1106; x_wconf 85' lang='lat' dir='ltr'><strong>acumen</strong></span> 
     </span>
     <span class='ocr_line' id='line_1_11' title="bbox 155 1134 952 1213; baseline -0.005 -17"><span class='ocrx_word' id='word_1_56' title='bbox 155 1136 355 1213; x_wconf 83' lang='lat' dir='ltr'><strong>subsequitur.</strong></span> <span class='ocrx_word' id='word_1_57' title='bbox 392 1135 589 1196; x_wconf 87' lang='lat' dir='ltr'><strong>subcitrinum</strong></span> <span class='ocrx_word' id='word_1_58' title='bbox 612 1138 800 1213; x_wconf 83' lang='lat' dir='ltr'><strong>transgressa</strong></span> <span class='ocrx_word' id='word_1_59' title='bbox 823 1134 952 1194; x_wconf 88' lang='lat' dir='ltr'><strong>colorem</strong></span> 
     </span>
     <span class='ocr_line' id='line_1_12' title="bbox 153 1223 959 1301; baseline -0.002 -17"><span class='ocrx_word' id='word_1_60' title='bbox 153 1226 237 1284; x_wconf 91' lang='lat' dir='ltr'><strong>haud</strong></span> <span class='ocrx_word' id='word_1_61' title='bbox 258 1226 388 1284; x_wconf 89' lang='lat' dir='ltr'><strong>multum</strong></span> <span class='ocrx_word' id='word_1_62' title='bbox 410 1225 518 1284; x_wconf 75' lang='lat' dir='ltr'><strong>rutilat</strong></span> <span class='ocrx_word' id='word_1_63' title='bbox 540 1226 637 1301; x_wconf 84' lang='lat' dir='ltr'><strong>epatis</strong></span> <span class='ocrx_word' id='word_1_64' title='bbox 661 1226 728 1284; x_wconf 86' lang='lat' dir='ltr'><strong>faex</strong></span> <span class='ocrx_word' id='word_1_65' title='bbox 751 1228 781 1284; x_wconf 89' lang='lat' dir='ltr'><strong>et</strong></span> <span class='ocrx_word' id='word_1_66' title='bbox 803 1223 959 1283; x_wconf 86' lang='lat' dir='ltr'><strong>mediocris</strong></span> 
     </span>
     <span class='ocr_line' id='line_1_13' title="bbox 154 1313 1013 1392; baseline -0.001 -19"><span class='ocrx_word' id='word_1_67' title='bbox 154 1315 221 1391; x_wconf 90' lang='lat' dir='ltr'><strong>plus</strong></span> <span class='ocrx_word' id='word_1_68' title='bbox 244 1317 346 1374; x_wconf 89' lang='lat' dir='ltr'><strong>tamen</strong></span> <span class='ocrx_word' id='word_1_69' title='bbox 368 1316 401 1373; x_wconf 90' lang='lat' dir='ltr'><strong>in</strong></span> <span class='ocrx_word' id='word_1_70' title='bbox 423 1317 543 1374; x_wconf 88' lang='lat' dir='ltr'><strong>tenuom</strong></span> <span class='ocrx_word' id='word_1_71' title='bbox 566 1332 703 1392; x_wconf 77' lang='lat' dir='ltr'><strong>vergens,</strong></span> <span class='ocrx_word' id='word_1_72' title='bbox 727 1316 757 1372; x_wconf 89' lang='lat' dir='ltr'><strong>et</strong></span> <span class='ocrx_word' id='word_1_73' title='bbox 776 1315 863 1391; x_wconf 83' lang='lat' dir='ltr'><strong>signa</strong></span> <span class='ocrx_word' id='word_1_74' title='bbox 884 1313 1013 1373; x_wconf 87' lang='lat' dir='ltr'><strong>remittit</strong></span> 
     </span>
    </p>

    <p class='ocr_par' dir='ltr' id='par_1_5' title="bbox 26 1402 1038 1749">
     <span class='ocr_line' id='line_1_14' title="bbox 26 1402 1038 1480; baseline -0.004 -16"><span class='ocrx_word' id='word_1_75' title='bbox 26 1417 33 1431; x_wconf 89' lang='lat'><strong>·</strong></span> <span class='ocrx_word' id='word_1_76' title='bbox 83 1424 137 1464; x_wconf 88' lang='lat' dir='ltr'><strong>a1cc</strong></span> <span class='ocrx_word' id='word_1_77' title='bbox 155 1407 209 1464; x_wconf 89' lang='lat' dir='ltr'><strong>aut</strong></span> <span class='ocrx_word' id='word_1_78' title='bbox 230 1404 353 1463; x_wconf 88' lang='lat' dir='ltr'><strong>hebetat</strong></span> <span class='ocrx_word' id='word_1_79' title='bbox 375 1404 468 1463; x_wconf 92' lang='lat' dir='ltr'><strong>notha</strong></span> <span class='ocrx_word' id='word_1_80' title='bbox 490 1404 643 1477; x_wconf 89' lang='lat' dir='ltr'><strong>materias,</strong></span> <span class='ocrx_word' id='word_1_81' title='bbox 667 1402 776 1478; x_wconf 89' lang='lat' dir='ltr'><strong>quibus</strong></span> <span class='ocrx_word' id='word_1_82' title='bbox 801 1403 891 1480; x_wconf 81' lang='lat' dir='ltr'><strong>auget</strong></span> <span class='ocrx_word' id='word_1_83' title='bbox 914 1421 1038 1462; x_wconf 88' lang='lat' dir='ltr'><strong>acumen</strong></span> 
     </span>
     <span class='ocr_line' id='line_1_15' title="bbox 155 1491 1015 1568; baseline -0.003 -15"><span class='ocrx_word' id='word_1_84' title='bbox 155 1512 234 1553; x_wconf 89' lang='lat' dir='ltr'><strong>vera.</strong></span> <span class='ocrx_word' id='word_1_85' title='bbox 272 1493 370 1553; x_wconf 87' lang='lat' dir='ltr'><strong>solent</strong></span> <span class='ocrx_word' id='word_1_86' title='bbox 391 1493 465 1552; x_wconf 87' lang='lat' dir='ltr'><strong>haec</strong></span> <span class='ocrx_word' id='word_1_87' title='bbox 488 1495 519 1551; x_wconf 91' lang='lat' dir='ltr'><strong>et</strong></span> <span class='ocrx_word' id='word_1_88' title='bbox 541 1491 599 1552; x_wconf 90' lang='lat' dir='ltr'><strong>sibi</strong></span> <span class='ocrx_word' id='word_1_89' title='bbox 622 1493 759 1568; x_wconf 85' lang='lat' dir='ltr'><strong>proxima</strong></span> <span class='ocrx_word' id='word_1_90' title='bbox 781 1510 889 1551; x_wconf 90' lang='lat' dir='ltr'><strong>cauma</strong></span> <span class='ocrx_word' id='word_1_91' title='bbox 911 1491 1015 1551; x_wconf 86' lang='lat' dir='ltr'><strong>fabrile</strong></span> 
     </span>
     <span class='ocr_line' id='line_1_16' title="bbox 154 1581 900 1660; baseline -0.001 -19"><span class='ocrx_word' id='word_1_92' title='bbox 154 1583 187 1641; x_wconf 89' lang='lat' dir='ltr'><strong>in</strong></span> <span class='ocrx_word' id='word_1_93' title='bbox 210 1583 335 1660; x_wconf 81' lang='lat' dir='ltr'><strong>longum</strong></span> <span class='ocrx_word' id='word_1_94' title='bbox 358 1584 475 1659; x_wconf 82' lang='lat' dir='ltr'><strong>tempus</strong></span> <span class='ocrx_word' id='word_1_95' title='bbox 499 1581 675 1658; x_wconf 88' lang='lat' dir='ltr'><strong>protendere</strong></span> <span class='ocrx_word' id='word_1_96' title='bbox 697 1581 755 1640; x_wconf 87' lang='lat' dir='ltr'><strong>fine</strong></span> <span class='ocrx_word' id='word_1_97' title='bbox 777 1582 900 1640; x_wconf 89' lang='lat' dir='ltr'><strong>remote.</strong></span> 
     </span>
     <span class='ocr_line' id='line_1_17' title="bbox 228 1669 1032 1749; baseline 0 -21"><span class='ocrx_word' id='word_1_98' title='bbox 228 1669 377 1748; x_wconf 86' lang='lat' dir='ltr'><strong>Simplicis</strong></span> <span class='ocrx_word' id='word_1_99' title='bbox 400 1671 529 1731; x_wconf 89' lang='lat' dir='ltr'><strong>insultus</strong></span> <span class='ocrx_word' id='word_1_100' title='bbox 554 1673 754 1749; x_wconf 81' lang='lat' dir='ltr'><strong>quartanae</strong></span> <span class='ocrx_word' id='word_1_101' title='bbox 778 1673 886 1749; x_wconf 86' lang='lat' dir='ltr'><strong>quarta</strong></span> <span class='ocrx_word' id='word_1_102' title='bbox 908 1669 1032 1729; x_wconf 85' lang='lat' dir='ltr'><strong>resolvit</strong></span> 
     </span>
    </p>

    <p class='ocr_par' dir='ltr' id='par_1_6' title="bbox 156 1759 970 1836">
     <span class='ocr_line' id='line_1_18' title="bbox 156 1759 970 1836; baseline -0.002 -16"><span class='ocrx_word' id='word_1_103' title='bbox 156 1759 207 1820; x_wconf 87' lang='lat' dir='ltr'><strong>sed</strong></span> <span class='ocrx_word' id='word_1_104' title='bbox 229 1761 357 1836; x_wconf 89' lang='lat' dir='ltr'><strong>replicat</strong></span> <span class='ocrx_word' id='word_1_105' title='bbox 379 1762 528 1820; x_wconf 86' lang='lat' dir='ltr'><strong>tormenta</strong></span> <span class='ocrx_word' id='word_1_106' title='bbox 551 1760 627 1835; x_wconf 88' lang='lat' dir='ltr'><strong>dies,</strong></span> <span class='ocrx_word' id='word_1_107' title='bbox 650 1759 702 1820; x_wconf 88' lang='lat' dir='ltr'><strong>sed</strong></span> <span class='ocrx_word' id='word_1_108' title='bbox 726 1759 854 1836; x_wconf 89' lang='lat' dir='ltr'><strong>duplicis</strong></span> <span class='ocrx_word' id='word_1_109' title='bbox 877 1779 970 1818; x_wconf 91' lang='lat' dir='ltr'><strong>unum</strong></span> 
     </span>
    </p>

    <p class='ocr_par' dir='ltr' id='par_1_7' title="bbox 85 1849 941 2285">
     <span class='ocr_line' id='line_1_19' title="bbox 85 1849 941 1928; baseline -0.004 -18"><span class='ocrx_word' id='word_1_110' title='bbox 85 1869 137 1911; x_wconf 75' lang='lat'><strong>210⁶</strong></span> <span class='ocrx_word' id='word_1_111' title='bbox 156 1850 356 1928; x_wconf 87' lang='lat' dir='ltr'><strong>tranquillum</strong></span> <span class='ocrx_word' id='word_1_112' title='bbox 378 1851 506 1910; x_wconf 77' lang='lat' dir='ltr'><strong>transim</strong></span> <span class='ocrx_word' id='word_1_113' title='bbox 530 1849 609 1908; x_wconf 89' lang='lat' dir='ltr'><strong>diem</strong></span> <span class='ocrx_word' id='word_1_114' title='bbox 631 1849 781 1925; x_wconf 88' lang='lat' dir='ltr'><strong>permittit</strong></span> <span class='ocrx_word' id='word_1_115' title='bbox 803 1867 941 1924; x_wconf 89' lang='lat' dir='ltr'><strong>acumen,</strong></span> 
     </span>
     <span class='ocr_line' id='line_1_20' title="bbox 157 1937 892 2018; baseline -0.001 -19"><span class='ocrx_word' id='word_1_116' title='bbox 157 1942 189 1999; x_wconf 87' lang='lat' dir='ltr'><strong>at</strong></span> <span class='ocrx_word' id='word_1_117' title='bbox 211 1939 268 1999; x_wconf 93' lang='lat' dir='ltr'><strong>sibi</strong></span> <span class='ocrx_word' id='word_1_118' title='bbox 291 1940 441 2018; x_wconf 86' lang='lat' dir='ltr'><strong>contiguis</strong></span> <span class='ocrx_word' id='word_1_119' title='bbox 465 1939 591 2017; x_wconf 82' lang='lat' dir='ltr'><strong>geminis</strong></span> <span class='ocrx_word' id='word_1_120' title='bbox 613 1940 765 1999; x_wconf 88' lang='lat' dir='ltr'><strong>tormenta</strong></span> <span class='ocrx_word' id='word_1_121' title='bbox 788 1937 892 1998; x_wconf 84' lang='lat' dir='ltr'><strong>diebus</strong></span> 
     </span>
     <span class='ocr_line' id='line_1_21' title="bbox 156 2026 928 2108; baseline -0.004 -20"><span class='ocrx_word' id='word_1_122' title='bbox 156 2029 302 2089; x_wconf 87' lang='lat' dir='ltr'><strong>infestant</strong></span> <span class='ocrx_word' id='word_1_123' title='bbox 324 2047 455 2108; x_wconf 82' lang='lat' dir='ltr'><strong>aegrum.</strong></span> <span class='ocrx_word' id='word_1_124' title='bbox 494 2029 546 2106; x_wconf 91' lang='lat' dir='ltr'><strong>qui</strong></span> <span class='ocrx_word' id='word_1_125' title='bbox 569 2029 667 2087; x_wconf 87' lang='lat' dir='ltr'><strong>cessat</strong></span> <span class='ocrx_word' id='word_1_126' title='bbox 689 2027 754 2086; x_wconf 89' lang='lat' dir='ltr'><strong>luce</strong></span> <span class='ocrx_word' id='word_1_127' title='bbox 778 2026 928 2104; x_wconf 86' lang='lat' dir='ltr'><strong>sequenti,</strong></span> 
     </span>
     <span class='ocr_line' id='line_1_22' title="bbox 156 2116 915 2197; baseline -0.001 -20"><span class='ocrx_word' id='word_1_128' title='bbox 156 2122 285 2178; x_wconf 90' lang='lat' dir='ltr'><strong>naturae</strong></span> <span class='ocrx_word' id='word_1_129' title='bbox 308 2118 394 2197; x_wconf 84' lang='lat' dir='ltr'><strong>niger</strong></span> <span class='ocrx_word' id='word_1_130' title='bbox 415 2119 523 2178; x_wconf 89' lang='lat' dir='ltr'><strong>humor</strong></span> <span class='ocrx_word' id='word_1_131' title='bbox 545 2135 629 2194; x_wconf 89' lang='lat' dir='ltr'><strong>opus.</strong></span> <span class='ocrx_word' id='word_1_132' title='bbox 668 2116 751 2195; x_wconf 86' lang='lat' dir='ltr'><strong>regio</strong></span> <span class='ocrx_word' id='word_1_133' title='bbox 774 2116 915 2191; x_wconf 88' lang='lat' dir='ltr'><strong>borealis,</strong></span> 
     </span>
     <span class='ocr_line' id='line_1_23' title="bbox 157 2205 868 2285; baseline -0.003 -19"><span class='ocrx_word' id='word_1_134' title='bbox 157 2209 241 2266; x_wconf 88' lang='lat' dir='ltr'><strong>aetas</strong></span> <span class='ocrx_word' id='word_1_135' title='bbox 263 2210 428 2285; x_wconf 86' lang='lat' dir='ltr'><strong>postrema,</strong></span> <span class='ocrx_word' id='word_1_136' title='bbox 452 2207 617 2284; x_wconf 86' lang='lat' dir='ltr'><strong>complexio</strong></span> <span class='ocrx_word' id='word_1_137' title='bbox 640 2205 752 2284; x_wconf 80' lang='lat' dir='ltr'><strong>frigida</strong></span> <span class='ocrx_word' id='word_1_138' title='bbox 774 2207 868 2279; x_wconf 86' lang='lat' dir='ltr'><strong>sicca,</strong></span> 
     </span>
    </p>

    <p class='ocr_par' dir='ltr' id='par_1_8' title="bbox 86 2294 878 2460">
     <span class='ocr_line' id='line_1_24' title="bbox 86 2294 878 2375; baseline -0.001 -21"><span class='ocrx_word' id='word_1_139' title='bbox 86 2315 140 2355; x_wconf 82' lang='lat' dir='ltr'><strong>ano</strong></span> <span class='ocrx_word' id='word_1_140' title='bbox 157 2296 310 2356; x_wconf 88' lang='lat' dir='ltr'><strong>morbidus</strong></span> <span class='ocrx_word' id='word_1_141' title='bbox 333 2299 529 2375; x_wconf 79' lang='lat' dir='ltr'><strong>autumpnus,</strong></span> <span class='ocrx_word' id='word_1_142' title='bbox 551 2294 754 2356; x_wconf 84' lang='lat' dir='ltr'><strong>instaurativa</strong></span> <span class='ocrx_word' id='word_1_143' title='bbox 777 2295 878 2355; x_wconf 88' lang='lat' dir='ltr'><strong>diaeta</strong></span> 
     </span>
     <span class='ocr_line' id='line_1_25' title="bbox 158 2384 822 2460; baseline 0.002 -17"><span class='ocrx_word' id='word_1_144' title='bbox 158 2385 293 2446; x_wconf 87' lang='lat' dir='ltr'><strong>humoris</strong></span> <span class='ocrx_word' id='word_1_145' title='bbox 317 2385 431 2460; x_wconf 86' lang='lat' dir='ltr'><strong>quarti,</strong></span> <span class='ocrx_word' id='word_1_146' title='bbox 455 2403 542 2445; x_wconf 86' lang='lat' dir='ltr'><strong>sexus</strong></span> <span class='ocrx_word' id='word_1_147' title='bbox 566 2386 714 2445; x_wconf 78' lang='lat' dir='ltr'><strong>caractere</strong></span> <span class='ocrx_word' id='word_1_148' title='bbox 737 2384 822 2444; x_wconf 87' lang='lat' dir='ltr'><strong>laevo</strong></span> 
     </span>
    </p>
   </div>
   <div class='ocr_carea' id='block_1_3' title="bbox 157 2514 1184 2734">
    <p class='ocr_par' dir='ltr' id='par_1_9' title="bbox 157 2514 1184 2734">
     <span class='ocr_line' id='line_1_26' title="bbox 230 2514 1184 2591; baseline -0.001 -18"><span class='ocrx_word' id='word_1_149' title='bbox 230 2524 301 2574; x_wconf 92' lang='grc'><strong>2088</strong></span> <span class='ocrx_word' id='word_1_150' title='bbox 325 2518 426 2573; x_wconf 86' lang='lat' dir='ltr'><strong>caloris</strong></span> <span class='ocrx_word' id='word_1_151' title='bbox 449 2519 468 2573; x_wconf 85' lang='lat' dir='ltr'><strong>d</strong></span> <span class='ocrx_word' id='word_1_152' title='bbox 489 2519 499 2591; x_wconf 94' lang='grc' dir='ltr'><strong>ΗΗ</strong></span> <span class='ocrx_word' id='word_1_153' title='bbox 522 2525 591 2574; x_wconf 84' lang='grc'><strong>2080</strong></span> <span class='ocrx_word' id='word_1_154' title='bbox 615 2519 651 2587; x_wconf 78' lang='lat' dir='ltr'><strong>ef.</strong></span> <span class='ocrx_word' id='word_1_155' title='bbox 670 2520 744 2574; x_wconf 83' lang='lat' dir='ltr'><strong>Plat.</strong></span> <span class='ocrx_word' id='word_1_156' title='bbox 767 2518 849 2571; x_wconf 90' lang='lat' dir='ltr'><strong>urina</strong></span> <span class='ocrx_word' id='word_1_157' title='bbox 873 2515 975 2570; x_wconf 79' lang='lat' dir='ltr'><strong>citrino</strong></span> <span class='ocrx_word' id='word_1_158' title='bbox 997 2514 1184 2572; x_wconf 84' lang='lat' dir='ltr'><strong>mediocriter</strong></span> 
     </span>
     <span class='ocr_line' id='line_1_27' title="bbox 157 2587 1184 2714; baseline -0.002 -69"><span class='ocrx_word' id='word_1_159' title='bbox 157 2591 259 2675; x_wconf 72' lang='lat' dir='ltr'><strong>tenuia,</strong></span> <span class='ocrx_word' id='word_1_160' title='bbox 278 2591 343 2676; x_wconf 80' lang='lat' dir='ltr'><strong>plus</strong></span> <span class='ocrx_word' id='word_1_161' title='bbox 357 2590 493 2646; x_wconf 88' lang='lat' dir='ltr'><strong>accedens</strong></span> <span class='ocrx_word' id='word_1_162' title='bbox 507 2591 544 2644; x_wconf 89' lang='lat' dir='ltr'><strong>ad</strong></span> <span class='ocrx_word' id='word_1_163' title='bbox 557 2591 725 2645; x_wconf 84' lang='lat' dir='ltr'><strong>tenuitatem</strong></span> <span class='ocrx_word' id='word_1_164' title='bbox 740 2590 765 2674; x_wconf 73' lang='lat' dir='ltr'><strong>ai</strong></span> <span class='ocrx_word' id='word_1_165' title='bbox 779 2605 813 2643; x_wconf 86' lang='lat' dir='ltr'><strong>er</strong></span> <span class='ocrx_word' id='word_1_166' title='bbox 832 2587 925 2644; x_wconf 85' lang='lat' dir='ltr'><strong>colera</strong></span> <span class='ocrx_word' id='word_1_167' title='bbox 945 2588 1047 2642; x_wconf 88' lang='lat' dir='ltr'><strong>citrina</strong></span> <span class='ocrx_word' id='word_1_168' title='bbox 1064 2587 1184 2714; x_wconf 64' lang='grc' dir='ltr'><strong>000τὶοΗ</strong></span> 
     </span>
     <span class='ocr_line' id='line_1_28' title="bbox 159 2658 1161 2734; baseline -0.003 -17"><span class='ocrx_word' id='word_1_169' title='bbox 159 2668 227 2717; x_wconf 86' lang='grc'><strong>2091</strong></span> <span class='ocrx_word' id='word_1_170' title='bbox 249 2664 400 2720; x_wconf 79' lang='lat' dir='ltr'><strong>insinuant</strong></span> <span class='ocrx_word' id='word_1_171' title='bbox 420 2663 450 2716; x_wconf 86' lang='lat' dir='ltr'><strong>d:</strong></span> <span class='ocrx_word' id='word_1_172' title='bbox 470 2663 518 2715; x_wconf 87' lang='lat' dir='ltr'><strong>-at</strong></span> <span class='ocrx_word' id='word_1_173' title='bbox 541 2663 557 2716; x_wconf 91' lang='lat' dir='ltr'><strong>b</strong></span> <span class='ocrx_word' id='word_1_174' title='bbox 579 2661 589 2734; x_wconf 90' lang='grc' dir='ltr'><strong>ΗΗ</strong></span> <span class='ocrx_word' id='word_1_175' title='bbox 612 2667 681 2716; x_wconf 82' lang='grc'><strong>2093</strong></span> <span class='ocrx_word' id='word_1_176' title='bbox 704 2662 795 2716; x_wconf 87' lang='lat' dir='ltr'><strong>lemna</strong></span> <span class='ocrx_word' id='word_1_177' title='bbox 814 2661 900 2715; x_wconf 70' lang='lat' dir='ltr'><strong>Dua:</strong></span> <span class='ocrx_word' id='word_1_178' title='bbox 923 2658 995 2714; x_wconf 81' lang='lat' dir='ltr'><strong>leui⁹</strong></span> <span class='ocrx_word' id='word_1_179' title='bbox 1014 2659 1161 2728; x_wconf 63' lang='grc'><strong>(1001000</strong></span> 
     </span>
    </p>
   </div>
   <div class='ocr_carea' id='block_1_4' title="bbox 160 2748 1301 3626">
    <p class='ocr_par' dir='ltr' id='par_1_10' title="bbox 160 2748 1301 3056">
     <span class='ocr_line' id='line_1_29' title="bbox 160 2748 1301 2896; baseline -0.007 -70"><span class='ocrx_word' id='word_1_180' title='bbox 160 2770 438 2840; x_wconf 62' lang='lat' dir='ltr'><strong>(paracleseos)</strong></span> <span class='ocrx_word' id='word_1_181' title='bbox 459 2768 475 2896; x_wconf 89' lang='grc' dir='ltr'>Η</span> <span class='ocrx_word' id='word_1_182' title='bbox 498 2772 568 2822; x_wconf 81' lang='lat' dir='ltr'><strong>acas</strong></span> <span class='ocrx_word' id='word_1_183' title='bbox 587 2767 663 2822; x_wconf 74' lang='lat' dir='ltr'><strong>horis</strong></span> <span class='ocrx_word' id='word_1_184' title='bbox 682 2769 713 2822; x_wconf 77' lang='lat' dir='ltr'><strong>a:</strong></span> <span class='ocrx_word' id='word_1_185' title='bbox 731 2769 830 2821; x_wconf 79' lang='lat' dir='ltr'><strong>horam</strong></span> <span class='ocrx_word' id='word_1_186' title='bbox 881 2748 972 2835; x_wconf 69' lang='lat' dir='ltr'><strong>albo</strong></span> <span class='ocrx_word' id='word_1_187' title='bbox 997 2765 1007 2838; x_wconf 90' lang='grc' dir='ltr'>Η</span> <span class='ocrx_word' id='word_1_188' title='bbox 1031 2771 1102 2820; x_wconf 83' lang='lat' dir='ltr'><strong>roae</strong></span> <span class='ocrx_word' id='word_1_189' title='bbox 1121 2767 1182 2834; x_wconf 85' lang='lat' dir='ltr'><strong>pri-</strong></span> <span class='ocrx_word' id='word_1_190' title='bbox 1300 2755 1301 2780; x_wconf 66' lang='lat'>¹</span> 
     </span>
     <span class='ocr_line' id='line_1_30' title="bbox 160 2837 1181 2910; baseline -0.002 -15"><span class='ocrx_word' id='word_1_191' title='bbox 160 2842 246 2895; x_wconf 78' lang='lat' dir='ltr'><strong>mitur</strong></span> <span class='ocrx_word' id='word_1_192' title='bbox 265 2841 296 2895; x_wconf 84' lang='lat' dir='ltr'><strong>d:</strong></span> <span class='ocrx_word' id='word_1_193' title='bbox 315 2842 440 2909; x_wconf 87' lang='lat' dir='ltr'><strong>pruritus</strong></span> <span class='ocrx_word' id='word_1_194' title='bbox 492 2839 583 2910; x_wconf 71' lang='lat' dir='ltr'><strong>{lenis</strong></span> <span class='ocrx_word' id='word_1_195' title='bbox 601 2841 687 2894; x_wconf 58' lang='lat' dir='ltr'><strong>Dara</strong></span> <span class='ocrx_word' id='word_1_196' title='bbox 706 2838 777 2892; x_wconf 87' lang='lat' dir='ltr'><strong>leuis</strong></span> <span class='ocrx_word' id='word_1_197' title='bbox 796 2840 832 2894; x_wconf 87' lang='lat' dir='ltr'><strong>bd</strong></span> <span class='ocrx_word' id='word_1_198' title='bbox 860 2838 863 2910; x_wconf 91' lang='grc' dir='ltr'>Η</span> <span class='ocrx_word' id='word_1_199' title='bbox 890 2842 960 2892; x_wconf 87' lang='grc'><strong>2098</strong></span> <span class='ocrx_word' id='word_1_200' title='bbox 978 2837 1130 2891; x_wconf 84' lang='lat' dir='ltr'><strong>mediocris</strong></span> <span class='ocrx_word' id='word_1_201' title='bbox 1150 2839 1181 2893; x_wconf 86' lang='lat' dir='ltr'><strong>b:</strong></span> 
     </span>
     <span class='ocr_line' id='line_1_31' title="bbox 160 2907 1182 2983; baseline -0.004 -16"><span class='ocrx_word' id='word_1_202' title='bbox 160 2929 252 2968; x_wconf 87' lang='lat' dir='ltr'><strong>-crem</strong></span> <span class='ocrx_word' id='word_1_203' title='bbox 271 2912 297 2966; x_wconf 83' lang='lat' dir='ltr'><strong>d.</strong></span> <span class='ocrx_word' id='word_1_204' title='bbox 326 2912 361 2979; x_wconf 78' lang='lat' dir='ltr'><strong>of.</strong></span> <span class='ocrx_word' id='word_1_205' title='bbox 376 2931 400 2968; x_wconf 87' lang='lat' dir='ltr'><strong>o.</strong></span> <span class='ocrx_word' id='word_1_206' title='bbox 410 2917 482 2968; x_wconf 82' lang='grc'><strong>2089</strong></span> <span class='ocrx_word' id='word_1_207' title='bbox 500 2910 510 2983; x_wconf 92' lang='grc' dir='ltr'><strong>ΗΗ</strong></span> <span class='ocrx_word' id='word_1_208' title='bbox 528 2916 598 2965; x_wconf 93' lang='grc'><strong>2100</strong></span> <span class='ocrx_word' id='word_1_209' title='bbox 617 2910 713 2965; x_wconf 87' lang='lat' dir='ltr'><strong>ebetat</strong></span> <span class='ocrx_word' id='word_1_210' title='bbox 731 2909 768 2964; x_wconf 81' lang='lat' dir='ltr'><strong>bd</strong></span> <span class='ocrx_word' id='word_1_211' title='bbox 783 2912 787 2978; x_wconf 91' lang='grc' dir='ltr'>Η</span> <span class='ocrx_word' id='word_1_212' title='bbox 803 2912 852 2965; x_wconf 90' lang='lat' dir='ltr'><strong>not</strong></span> <span class='ocrx_word' id='word_1_213' title='bbox 874 2911 932 2965; x_wconf 87' lang='lat' dir='ltr'><strong>ab:</strong></span> <span class='ocrx_word' id='word_1_214' title='bbox 952 2925 1024 2964; x_wconf 87' lang='lat' dir='ltr'><strong>nova</strong></span> <span class='ocrx_word' id='word_1_215' title='bbox 1041 2909 1062 2963; x_wconf 86' lang='lat' dir='ltr'><strong>d</strong></span> <span class='ocrx_word' id='word_1_216' title='bbox 1079 2907 1089 2981; x_wconf 94' lang='grc' dir='ltr'><strong>ΗΗ</strong></span> <span class='ocrx_word' id='word_1_217' title='bbox 1108 2913 1182 2963; x_wconf 89' lang='grc'><strong>2101</strong></span> 
     </span>
     <span class='ocr_line' id='line_1_32' title="bbox 161 2980 984 3056; baseline -0.004 -17"><span class='ocrx_word' id='word_1_218' title='bbox 161 2983 214 3039; x_wconf 86' lang='lat' dir='ltr'><strong>libi</strong></span> <span class='ocrx_word' id='word_1_219' title='bbox 232 2986 260 3038; x_wconf 88' lang='lat' dir='ltr'><strong>b:</strong></span> <span class='ocrx_word' id='word_1_220' title='bbox 279 2981 334 3037; x_wconf 91' lang='lat' dir='ltr'><strong>tibi</strong></span> <span class='ocrx_word' id='word_1_221' title='bbox 353 2984 371 3038; x_wconf 85' lang='lat' dir='ltr'><strong>d</strong></span> <span class='ocrx_word' id='word_1_222' title='bbox 388 2984 398 3056; x_wconf 90' lang='grc' dir='ltr'><strong>ΗΗ</strong></span> <span class='ocrx_word' id='word_1_223' title='bbox 416 2989 485 3038; x_wconf 92' lang='grc'><strong>2102</strong></span> <span class='ocrx_word' id='word_1_224' title='bbox 505 2984 560 3036; x_wconf 92' lang='lat' dir='ltr'><strong>fine</strong></span> <span class='ocrx_word' id='word_1_225' title='bbox 579 2983 594 3035; x_wconf 93' lang='grc'><strong>0</strong></span> <span class='ocrx_word' id='word_1_226' title='bbox 613 2983 655 3050; x_wconf 80' lang='lat' dir='ltr'><strong>(at</strong></span> <span class='ocrx_word' id='word_1_227' title='bbox 672 2980 872 3050; x_wconf 68' lang='grc'><strong>0000001000.)</strong></span> <span class='ocrx_word' id='word_1_228' title='bbox 893 2997 945 3036; x_wconf 73' lang='lat' dir='ltr'><strong>coa.</strong></span> <span class='ocrx_word' id='word_1_229' title='bbox 964 2981 984 3035; x_wconf 85' lang='lat' dir='ltr'><strong>d</strong></span> 
     </span>
    </p>

    <p class='ocr_par' dir='ltr' id='par_1_11' title="bbox 161 3050 1186 3552">
     <span class='ocr_line' id='line_1_33' title="bbox 234 3050 1183 3122; baseline -0.006 -13"><span class='ocrx_word' id='word_1_230' title='bbox 234 3060 303 3109; x_wconf 86' lang='grc'><strong>2108</strong></span> <span class='ocrx_word' id='word_1_231' title='bbox 322 3056 397 3110; x_wconf 75' lang='lat' dir='ltr'><strong>rubr.</strong></span> <span class='ocrx_word' id='word_1_232' title='bbox 416 3055 457 3109; x_wconf 92' lang='lat' dir='ltr'><strong>De</strong></span> <span class='ocrx_word' id='word_1_233' title='bbox 481 3055 620 3122; x_wconf 88' lang='lat' dir='ltr'><strong>quartana</strong></span> <span class='ocrx_word' id='word_1_234' title='bbox 643 3050 766 3121; x_wconf 87' lang='lat' dir='ltr'><strong>simplici</strong></span> <span class='ocrx_word' id='word_1_235' title='bbox 789 3053 818 3106; x_wconf 97' lang='grc'><strong>00</strong></span> <span class='ocrx_word' id='word_1_236' title='bbox 840 3050 948 3121; x_wconf 91' lang='lat' dir='ltr'><strong>duplici</strong></span> <span class='ocrx_word' id='word_1_237' title='bbox 971 3053 1000 3106; x_wconf 89' lang='lat' dir='ltr'><strong>et</strong></span> <span class='ocrx_word' id='word_1_238' title='bbox 1024 3050 1058 3104; x_wconf 89' lang='lat' dir='ltr'><strong>de</strong></span> <span class='ocrx_word' id='word_1_239' title='bbox 1082 3067 1183 3104; x_wconf 91' lang='lat' dir='ltr'><strong>earum</strong></span> 
     </span>
     <span class='ocr_line' id='line_1_34' title="bbox 162 3122 1184 3210; baseline -0.007 -28"><span class='ocrx_word' id='word_1_240' title='bbox 162 3125 330 3182; x_wconf 84' lang='lat' dir='ltr'><strong>differentiis</strong></span> <span class='ocrx_word' id='word_1_241' title='bbox 349 3126 366 3181; x_wconf 97' lang='grc'><strong>0</strong></span> <span class='ocrx_word' id='word_1_242' title='bbox 382 3126 392 3210; x_wconf 92' lang='grc' dir='ltr'><strong>ΗΗ</strong></span> <span class='ocrx_word' id='word_1_243' title='bbox 410 3131 480 3180; x_wconf 82' lang='grc'><strong>2104</strong></span> <span class='ocrx_word' id='word_1_244' title='bbox 499 3141 525 3208; x_wconf 55' lang='lat' dir='ltr'><strong>ep</strong></span> <span class='ocrx_word' id='word_1_245' title='bbox 545 3126 573 3178; x_wconf 83' lang='lat' dir='ltr'><strong>b:</strong></span> <span class='ocrx_word' id='word_1_246' title='bbox 593 3125 622 3178; x_wconf 87' lang='lat' dir='ltr'><strong>ct</strong></span> <span class='ocrx_word' id='word_1_247' title='bbox 640 3124 659 3177; x_wconf 85' lang='lat' dir='ltr'><strong>d</strong></span> <span class='ocrx_word' id='word_1_248' title='bbox 680 3122 690 3195; x_wconf 95' lang='grc' dir='ltr'><strong>ΗΗ</strong></span> <span class='ocrx_word' id='word_1_249' title='bbox 711 3128 781 3178; x_wconf 90' lang='grc'><strong>2106</strong></span> <span class='ocrx_word' id='word_1_250' title='bbox 801 3125 829 3177; x_wconf 86' lang='grc'><strong>00</strong></span> <span class='ocrx_word' id='word_1_251' title='bbox 848 3126 885 3194; x_wconf 74' lang='lat' dir='ltr'><strong>(a)</strong></span> <span class='ocrx_word' id='word_1_252' title='bbox 904 3124 933 3178; x_wconf 81' lang='lat' dir='ltr'><strong>b:</strong></span> <span class='ocrx_word' id='word_1_253' title='bbox 953 3139 987 3177; x_wconf 89' lang='lat' dir='ltr'><strong>ex</strong></span> <span class='ocrx_word' id='word_1_254' title='bbox 1005 3122 1023 3176; x_wconf 85' lang='lat' dir='ltr'><strong>d</strong></span> <span class='ocrx_word' id='word_1_255' title='bbox 1042 3123 1097 3191; x_wconf 78' lang='grc'><strong>(1))</strong></span> <span class='ocrx_word' id='word_1_256' title='bbox 1115 3138 1184 3177; x_wconf 92' lang='lat' dir='ltr'><strong>con-</strong></span> 
     </span>
     <span class='ocr_line' id='line_1_35' title="bbox 161 3192 1184 3270; baseline -0.007 -16"><span class='ocrx_word' id='word_1_257' title='bbox 161 3199 249 3270; x_wconf 78' lang='lat' dir='ltr'><strong>tignis</strong></span> <span class='ocrx_word' id='word_1_258' title='bbox 263 3199 294 3253; x_wconf 81' lang='lat' dir='ltr'><strong>d:</strong></span> <span class='ocrx_word' id='word_1_259' title='bbox 314 3198 453 3252; x_wconf 75' lang='lat' dir='ltr'><strong>continuis</strong></span> <span class='ocrx_word' id='word_1_260' title='bbox 468 3195 584 3265; x_wconf 64' lang='lat' dir='ltr'><strong>(camur</strong></span> <span class='ocrx_word' id='word_1_261' title='bbox 597 3196 646 3264; x_wconf 80' lang='lat' dir='ltr'><strong>aio)</strong></span> <span class='ocrx_word' id='word_1_262' title='bbox 661 3195 685 3248; x_wconf 90' lang='grc'><strong>0.</strong></span> <span class='ocrx_word' id='word_1_263' title='bbox 707 3195 742 3261; x_wconf 77' lang='lat' dir='ltr'><strong>of.</strong></span> <span class='ocrx_word' id='word_1_264' title='bbox 754 3194 850 3262; x_wconf 76' lang='lat' dir='ltr'><strong>(Gar.)</strong></span> <span class='ocrx_word' id='word_1_265' title='bbox 864 3196 943 3250; x_wconf 74' lang='lat' dir='ltr'><strong>Pasa.</strong></span> <span class='ocrx_word' id='word_1_266' title='bbox 954 3199 1008 3261; x_wconf 85' lang='lat'><strong>7,9</strong></span> <span class='ocrx_word' id='word_1_267' title='bbox 1026 3193 1056 3247; x_wconf 90' lang='lat' dir='ltr'><strong>in</strong></span> <span class='ocrx_word' id='word_1_268' title='bbox 1070 3192 1184 3263; x_wconf 89' lang='lat' dir='ltr'><strong>duplici</strong></span> 
     </span>
     <span class='ocr_line' id='line_1_36' title="bbox 162 3264 1184 3339; baseline -0.006 -15"><span class='ocrx_word' id='word_1_269' title='bbox 162 3273 302 3339; x_wconf 87' lang='lat' dir='ltr'><strong>quartana</strong></span> <span class='ocrx_word' id='word_1_270' title='bbox 315 3268 402 3324; x_wconf 90' lang='lat' dir='ltr'><strong>biduo</strong></span> <span class='ocrx_word' id='word_1_271' title='bbox 417 3268 452 3322; x_wconf 90' lang='lat' dir='ltr'><strong>ab</strong></span> <span class='ocrx_word' id='word_1_272' title='bbox 466 3267 549 3322; x_wconf 89' lang='lat' dir='ltr'><strong>initio</strong></span> <span class='ocrx_word' id='word_1_273' title='bbox 563 3265 696 3331; x_wconf 82' lang='lat' dir='ltr'><strong>febriunt,</strong></span> <span class='ocrx_word' id='word_1_274' title='bbox 715 3266 745 3320; x_wconf 86' lang='lat' dir='ltr'><strong>in</strong></span> <span class='ocrx_word' id='word_1_275' title='bbox 759 3265 853 3321; x_wconf 88' lang='lat' dir='ltr'><strong>medio</strong></span> <span class='ocrx_word' id='word_1_276' title='bbox 871 3265 979 3320; x_wconf 90' lang='lat' dir='ltr'><strong>habent</strong></span> <span class='ocrx_word' id='word_1_277' title='bbox 996 3281 1084 3318; x_wconf 89' lang='lat' dir='ltr'><strong>unum</strong></span> <span class='ocrx_word' id='word_1_278' title='bbox 1104 3264 1184 3318; x_wconf 90' lang='lat' dir='ltr'><strong>diem</strong></span> 
     </span>
     <span class='ocr_line' id='line_1_37' title="bbox 163 3335 1186 3409; baseline -0.002 -15"><span class='ocrx_word' id='word_1_279' title='bbox 163 3357 276 3409; x_wconf 87' lang='lat' dir='ltr'><strong>eanum,</strong></span> <span class='ocrx_word' id='word_1_280' title='bbox 295 3343 324 3396; x_wconf 92' lang='lat' dir='ltr'><strong>et</strong></span> <span class='ocrx_word' id='word_1_281' title='bbox 346 3339 431 3394; x_wconf 88' lang='lat' dir='ltr'><strong>biduo</strong></span> <span class='ocrx_word' id='word_1_282' title='bbox 449 3339 553 3394; x_wconf 86' lang='lat' dir='ltr'><strong>iterum</strong></span> <span class='ocrx_word' id='word_1_283' title='bbox 575 3336 701 3392; x_wconf 86' lang='lat' dir='ltr'><strong>febriunt</strong></span> <span class='ocrx_word' id='word_1_284' title='bbox 719 3338 764 3405; x_wconf 77' lang='lat' dir='ltr'><strong>(cf.</strong></span> <span class='ocrx_word' id='word_1_285' title='bbox 780 3337 810 3393; x_wconf 81' lang='lat'><strong>0.</strong></span> <span class='ocrx_word' id='word_1_286' title='bbox 824 3337 852 3392; x_wconf 81' lang='lat' dir='ltr'><strong>S.</strong></span> <span class='ocrx_word' id='word_1_287' title='bbox 866 3338 927 3404; x_wconf 83' lang='grc' dir='ltr'><strong>ΠΙ,</strong></span> <span class='ocrx_word' id='word_1_288' title='bbox 939 3339 985 3406; x_wconf 71' lang='grc'><strong>00)</strong></span> <span class='ocrx_word' id='word_1_289' title='bbox 1007 3335 1018 3408; x_wconf 93' lang='grc' dir='ltr'><strong>ΗΗ</strong></span> <span class='ocrx_word' id='word_1_290' title='bbox 1040 3340 1111 3390; x_wconf 75' lang='grc'><strong>2102</strong></span> <span class='ocrx_word' id='word_1_291' title='bbox 1132 3337 1186 3404; x_wconf 87' lang='lat' dir='ltr'><strong>qui</strong></span> 
     </span>
     <span class='ocr_line' id='line_1_38' title="bbox 163 3406 1185 3485; baseline -0.006 -19"><span class='ocrx_word' id='word_1_292' title='bbox 163 3412 191 3467; x_wconf 84' lang='lat' dir='ltr'><strong>b:</strong></span> <span class='ocrx_word' id='word_1_293' title='bbox 211 3412 287 3480; x_wconf 92' lang='lat' dir='ltr'><strong>quod</strong></span> <span class='ocrx_word' id='word_1_294' title='bbox 304 3413 325 3467; x_wconf 86' lang='lat' dir='ltr'><strong>d</strong></span> <span class='ocrx_word' id='word_1_295' title='bbox 342 3411 353 3485; x_wconf 93' lang='grc' dir='ltr'><strong>ΗΗ</strong></span> <span class='ocrx_word' id='word_1_296' title='bbox 370 3415 440 3465; x_wconf 88' lang='grc'><strong>2108</strong></span> <span class='ocrx_word' id='word_1_297' title='bbox 458 3411 577 3463; x_wconf 88' lang='lat' dir='ltr'><strong>naturae</strong></span> <span class='ocrx_word' id='word_1_298' title='bbox 596 3427 623 3462; x_wconf 90' lang='lat' dir='ltr'><strong>n.</strong></span> <span class='ocrx_word' id='word_1_299' title='bbox 638 3408 665 3461; x_wconf 94' lang='lat' dir='ltr'><strong>h.</strong></span> <span class='ocrx_word' id='word_1_300' title='bbox 681 3424 764 3475; x_wconf 87' lang='lat' dir='ltr'><strong>opus:</strong></span> <span class='ocrx_word' id='word_1_301' title='bbox 783 3409 891 3464; x_wconf 78' lang='lat' dir='ltr'><strong>ociter</strong></span> <span class='ocrx_word' id='word_1_302' title='bbox 909 3406 1079 3462; x_wconf 84' lang='lat' dir='ltr'><strong>melancolia</strong></span> <span class='ocrx_word' id='word_1_303' title='bbox 1096 3410 1185 3461; x_wconf 89' lang='lat' dir='ltr'><strong>natu-</strong></span> 
     </span>
     <span class='ocr_line' id='line_1_39' title="bbox 162 3478 1183 3552; baseline -0.004 -14"><span class='ocrx_word' id='word_1_304' title='bbox 162 3481 218 3537; x_wconf 86' lang='lat' dir='ltr'><strong>rali</strong></span> <span class='ocrx_word' id='word_1_305' title='bbox 237 3487 308 3552; x_wconf 82' lang='lat' dir='ltr'><strong>(opp.</strong></span> <span class='ocrx_word' id='word_1_306' title='bbox 322 3480 486 3550; x_wconf 84' lang='lat' dir='ltr'><strong>innaturali)</strong></span> <span class='ocrx_word' id='word_1_307' title='bbox 502 3480 575 3535; x_wconf 80' lang='lat' dir='ltr'><strong>Plat.</strong></span> <span class='ocrx_word' id='word_1_308' title='bbox 591 3480 636 3547; x_wconf 85' lang='lat' dir='ltr'><strong>(cf.</strong></span> <span class='ocrx_word' id='word_1_309' title='bbox 650 3478 679 3534; x_wconf 82' lang='lat'><strong>0.</strong></span> <span class='ocrx_word' id='word_1_310' title='bbox 692 3479 720 3534; x_wconf 83' lang='lat' dir='ltr'><strong>S.</strong></span> <span class='ocrx_word' id='word_1_311' title='bbox 733 3480 793 3546; x_wconf 88' lang='lat'><strong>111,</strong></span> <span class='ocrx_word' id='word_1_312' title='bbox 807 3482 853 3549; x_wconf 79' lang='grc'><strong>23)</strong></span> <span class='ocrx_word' id='word_1_313' title='bbox 871 3478 882 3551; x_wconf 90' lang='grc' dir='ltr'><strong>ΗΗ</strong></span> <span class='ocrx_word' id='word_1_314' title='bbox 899 3484 969 3532; x_wconf 86' lang='grc'><strong>2100</strong></span> <span class='ocrx_word' id='word_1_315' title='bbox 987 3480 1132 3548; x_wconf 77' lang='lat' dir='ltr'><strong>postrema</strong></span> <span class='ocrx_word' id='word_1_316' title='bbox 1151 3479 1183 3534; x_wconf 83' lang='lat' dir='ltr'><strong>b:</strong></span> 
     </span>
    </p>

    <p class='ocr_par' dir='ltr' id='par_1_12' title="bbox 189 3551 672 3626">
     <span class='ocr_line' id='line_1_40' title="bbox 189 3551 672 3626; baseline -0.012 -17"><span class='ocrx_word' id='word_1_317' title='bbox 189 3554 293 3609; x_wconf 70' lang='lat' dir='ltr'><strong>omma</strong></span> <span class='ocrx_word' id='word_1_318' title='bbox 310 3555 329 3609; x_wconf 88' lang='lat' dir='ltr'><strong>d</strong></span> <span class='ocrx_word' id='word_1_319' title='bbox 347 3553 358 3626; x_wconf 92' lang='grc' dir='ltr'><strong>ΗΗ</strong></span> <span class='ocrx_word' id='word_1_320' title='bbox 375 3558 445 3608; x_wconf 88' lang='grc'><strong>2110</strong></span> <span class='ocrx_word' id='word_1_321' title='bbox 464 3551 558 3619; x_wconf 83' lang='lat' dir='ltr'><strong>dietae</strong></span> <span class='ocrx_word' id='word_1_322' title='bbox 577 3551 636 3619; x_wconf 83' lang='lat' dir='ltr'><strong>(aie)</strong></span> <span class='ocrx_word' id='word_1_323' title='bbox 655 3551 672 3603; x_wconf 92' lang='grc'><strong>0</strong></span> 
     </span>
    </p>
   </div>
   <div class='ocr_carea' id='block_1_5' title="bbox 0 0 1323 3900">
    <p class='ocr_par' dir='ltr' id='par_1_13' title="bbox 0 0 1323 3900">
     <span class='ocr_line' id='line_1_41' title="bbox 0 0 1323 3900; baseline 0 0"><span class='ocrx_word' id='word_1_324' title='bbox 0 0 1323 3900; x_wconf 95' lang='lat' dir='ltr'><strong> </strong></span> 
     </span>
    </p>
   </div>
  </div>
 </body>
</html>
