2584 3900
194 159 284 215 XXVI

194 308 390 388 Mogentinae
413 301 531 389 (Sancti
553 300 722 389 Michaelis)
745 327 805 384 quo
830 311 979 368 terrarum
1006 308 1141 370 delatum
1169 311 1205 368 sit

194 401 359 478 ignoratur.
405 397 515 457 etenim
538 417 606 458 cum
627 399 716 458 huius
738 397 935 458 bibliothecas
961 399 1040 460 male
1062 400 1205 458 tractatae

194 488 330 565 reliquiis
355 506 431 564 quae
454 506 533 548 nunc
557 489 628 546 sunt
648 487 780 548 civitatis
799 487 994 566 Mogontinae
1018 487 1109 547 etiam
1132 506 1207 548 nunc

195 579 331 639 servatur
349 579 435 636 vetus
454 577 609 655 catalogus
633 576 762 654 scriptus
783 595 859 636 saec.
877 569 960 652 XV⁰,
982 575 1014 635 in
1038 595 1097 654 quo
1121 578 1207 636 refer·

194 671 246 727 tur
269 667 323 727 suh
346 685 468 727 numere
493 660 673 726 ‘umus'
696 657 743 746 (id
770 668 816 726 est
838 666 935 726 Tertii
961 663 1071 726 codicis
1097 665 1208 726 ordinis

194 757 271 832 ΠΗ,
298 757 329 815 in
352 754 499 814 medicina
522 775 613 832 quam
636 752 661 813 Ο
684 754 786 815 littera
808 754 997 833 significabat
1019 773 1073 832 per
1093 754 1210 814 I—XV

195 845 330 906 ordinem
348 837 508 925 disposita)
524 839 677 905 ‘Viaticus
691 844 792 922 Egidii
811 845 847 904 de
866 844 963 904 causis
980 845 1011 903 et
1024 843 1119 922 signis
1132 863 1211 904 mor·

195 937 301 996 horum
316 927 326 1018 Η
341 928 500 1012 palpebra'
514 926 557 1016 (v.
569 937 587 992 7
592 926 635 1014 6).
664 929 895 1011 ‘Compendium
912 933 953 994 M.
968 932 1086 993 Salerni
1099 924 1109 1015 ll
1127 932 1211 993 Gom·

194 1025 335 1103 pendium
362 1042 451 1100 snper
477 1022 597 1083 tabulas
624 1022 665 1082 M.
684 1021 809 1084 Salerni.
832 1021 1042 1085 Antidotarius
1064 1017 1213 1082 Nicolei’.

195 1117 238 1175 sic
254 1114 319 1191 ipse
337 1112 512 1190 Mogentiae
531 1106 652 1172 enotavi
675 1130 702 1172 a.
719 1113 813 1187 1887,
836 1112 889 1172 sed
910 1111 995 1189 prius
1017 1112 1079 1172 iam
1101 1111 1214 1172 codicis

194 1203 284 1263 huius
314 1202 456 1281 Egidiani
487 1203 628 1261 notitiam
659 1201 782 1262 dederat
812 1201 862 1261 hh.
886 1200 954 1261 Lor.
980 1201 1145 1260 Hoffmann
1177 1221 1215 1260 ex

196 1293 369 1370 apographo
399 1289 530 1369 catalogi
556 1288 726 1351 Oartnsiani
747 1290 982 1352 Uffenhachiano
1011 1309 1092 1350 nunc
1118 1285 1215 1350 Ham-

195 1382 337 1460 burgensi
366 1374 545 1462 (Serapeum
575 1381 661 1441 1854
691 1401 720 1457 p.
747 1374 834 1460 319).
885 1381 1080 1439 numerentur
1110 1383 1216 1438 autem

196 1471 252 1531 sub
280 1469 304 1530 Ο
332 1469 497 1530 medicinae
526 1470 642 1530 codices
673 1471 724 1545 58,
755 1489 884 1545 quorum
912 1486 991 1528 nunc
1023 1471 1064 1527 14
1091 1471 1216 1528 tantum

195 1560 356 1634 habentur,
378 1558 432 1636 qui
454 1577 522 1618 cum
545 1559 642 1618 tribus
666 1558 786 1618 aliunde
810 1557 919 1619 additis
942 1556 1059 1617 faciunt
1081 1558 1216 1619 medicos

197 1649 311 1709 codices
332 1652 372 1707 17
393 1647 524 1725 catalogi
547 1667 605 1725 quo
628 1667 707 1707 nunc
724 1650 852 1707 utuntur
869 1646 1066 1706 bibliothecae
1085 1645 1217 1725 Mogen-

195 1741 277 1800 tinae
307 1732 352 1819 (in
381 1737 554 1796 universum
584 1736 749 1798 exhibentis
775 1728 862 1817 651).
908 1736 960 1796 sed
982 1755 1078 1812 neque
1100 1735 1133 1795 in
1157 1736 1217 1796 hoc

197 1829 336 1905 catalogo
367 1845 421 1886 nec
452 1825 513 1884 iam
544 1825 576 1885 in
608 1845 641 1886 eo
674 1847 733 1903 quo
766 1829 921 1903 tamquam
948 1825 1031 1885 fonte
1057 1819 1109 1906 (ut
1135 1829 1218 1885 esset

195 1916 319 1997 tertius)
354 1915 419 1993 ipse
455 1915 591 1975 conditus
625 1915 685 1976 fuit
719 1919 788 1992 post
821 1917 952 1975 veterem
986 1907 1115 1996 (saeculi
1141 1908 1218 1996 XV)

197 2009 306 2081 altero,
330 2007 384 2081 qui
405 2004 580 2066 inscribitur
599 1999 694 2064 ‘Ordo
718 2004 960 2065 collocandorum
982 2003 1128 2063 librorum
1151 2023 1218 2063 ma·

196 2095 416 2174 nuscriptorum
449 2095 481 2154 in
512 2093 694 2155 bibliotheca
724 2092 879 2154 (lmtusiae
907 2093 1101 2172 Mogentinae
1134 2112 1218 2154 anno

196 2178 425 2246 MDOOXVHI'
445 2176 506 2265 (no.
523 2177 679 2264 1-650),
701 2182 867 2261 Egidianus
887 2183 938 2241 ille
956 2181 1032 2242 liber
1050 2186 1218 2258 comparet,

197 2295 251 2334 nec
272 2274 352 2333 idem
382 2277 428 2333 est
457 2293 524 2332 cum
554 2272 677 2333 alterius
705 2271 853 2332 cartusiae
875 2271 1103 2330 Buxheimensis
1126 2270 1218 2345 libre,

197 2365 252 2440 qui
274 2362 400 2422 eundem
422 2361 536 2422 Viatioi
558 2381 669 2422 novum
691 2361 814 2437 praebet
835 2360 969 2420 titulum.

269 2451 368 2512 (lodex
380 2449 562 2510 Berlinensis
576 2451 628 2510 lat.
639 2471 687 2527 qu.
699 2451 762 2511 592
774 2443 933 2533 (fohorum
944 2440 1022 2529 100)
1037 2466 1072 2506 ex
1087 2446 1217 2508 diversis

197 2541 361 2616 fasciculis,
385 2540 619 2600 membranaceis
643 2540 764 2617 quidem
787 2539 903 2600 duobus
926 2532 1218 2619 (f.1-16—34)

198 2632 313 2691 duobus
339 2629 445 2689 deinde
473 2630 637 2690 chartaceis
661 2623 697 2712 (f.
717 2631 902 2690 35—75—
915 2621 1008 2707 100),
1034 2644 1089 2686 nec
1115 2624 1217 2686 solido

196 2720 296 2799 ligneo
320 2720 373 2780 sed
394 2719 461 2778 folii
481 2718 697 2779 membranacei
719 2720 832 2779 incerto
851 2720 1025 2796 tegumento
1043 2714 1217 2791 antiquitus

197 2812 229 2869 in
248 2829 342 2868 unum
360 2810 543 2886 compactus,
565 2807 650 2867 utin
668 2809 765 2885 primo
783 2808 857 2866 folio
876 2809 999 2866 notatur
1021 2804 1094 2864 olim
1113 2799 1161 2863 ‘R
1180 2803 1217 2865 P.

198 2898 435 2959 Certusiensium
461 2899 493 2957 in
515 2891 676 2956 Buxheim’
701 2892 808 2975 (prope
830 2888 1070 2973 Memmingam),
1097 2894 1217 2956 medica

197 2989 311 3064 scripta
333 2989 419 3048 varia
446 2985 587 3046 continet.
631 2987 663 3044 in
690 2985 789 3062 prima
817 2984 936 3061 quidem
958 2986 1045 3061 parte
1066 2983 1217 3044 membra-

197 3095 289 3138 nacea
311 3077 454 3155 legrmtur
475 3077 562 3136 haec:

272 3169 300 3225 1.
323 3166 475 3224 f.1-26
510 3160 728 3224 ‘Thesaurus
760 3180 958 3240 pauperum
990 3159 1087 3219 editus
1119 3179 1216 3218 a

198 3257 283 3333 petro
310 3248 472 3332 hyspano'.
513 3255 650 3330 sequitur
677 3261 707 3312 et
734 3253 831 3311 forma
854 3254 884 3310 et
907 3249 1056 3327 scriptura
1079 3247 1216 3310 diversus

199 3343 356 3421 quaternio
377 3342 554 3421 singularis,
578 3343 661 3402 cuius
684 3343 754 3401 sunt

271 3436 299 3493 2.
323 3432 344 3492 f.
364 3432 528 3506 27—3lb
553 3427 727 3491 ‘Tractatus
760 3429 800 3488 de
832 3427 989 3489 floribus
1020 3421 1216 3486 dictarum'

199 3517 267 3605 (qni
290 3517 437 3600 ‘excerpti
460 3540 496 3579 ex
518 3520 614 3580 Dictis
638 3513 751 3580 Ysaac’
775 3519 917 3578 dicuntur
938 3518 970 3577 in
993 3515 1056 3577 cod.
1075 3515 1216 3593 Amplon.
