2604 3900
543 161 710 216 VIATICUS
1096 165 1138 230 89

119 313 253 373 exterius
276 313 371 373 fervet
393 312 566 388 lippum,
590 313 661 370 dum
683 312 784 388 quctIt
806 314 889 372 ortus
1003 283 1017 318 ⁸

119 403 252 462 interius
273 405 390 479 torpor,
414 420 502 477 quem
524 401 630 461 noxius
653 400 746 460 officit
769 401 862 479 algor.

31 518 95 558 21⁶0
196 492 232 550 in
255 510 346 551 venes
369 492 491 570 gestans
513 509 635 550 cuusem
658 490 827 566 putredinis
848 491 958 550 humor

122 581 319 641 continuae
342 582 467 658 generet
489 581 648 639 metuende
670 579 805 655 periculo
827 579 949 640 febris.

121 670 271 748 flegmatis
296 672 430 730 exortum
452 668 527 729 vitIo
550 669 608 728 tibi
629 687 764 745 promere
786 673 913 745 possunt

121 760 220 818 maior
241 761 287 818 ter
309 760 388 819 senis
411 777 552 835 pressure
574 757 699 833 labens,
722 759 755 817 in
778 758 859 818 horis

120 849 170 908 bis
192 849 286 907 ternis
308 848 463 908 moderate
486 847 580 924 quies.
617 866 685 906 cum
707 847 856 925 flegmatis
879 849 953 907 hors

33 961 97 1003 nse
121 938 228 998 infima
251 937 397 1014 disponit,
420 957 488 996 cum
511 937 563 996 qu
587 937 710 1012 expulsu
734 936 793 995 diei

120 1027 232 1086 incItat
254 1027 292 1086 od
315 1045 455 1104 sompnos
478 1026 593 1101 oculos,
613 1027 759 1085 renovato
780 1029 940 1104 resurgunt

120 1117 193 1195 plus
216 1116 304 1176 solito
327 1115 418 1176 febris
440 1115 641 1189 incommoda,
664 1115 763 1192 pallor
785 1115 944 1176 obumbret

121 1225 180 1265 nec
202 1205 274 1265 sinit
296 1204 327 1263 in
351 1205 429 1265 secie
451 1205 601 1264 dommum
624 1205 750 1264 rutilare
773 1205 899 1264 ruboris.

121 1294 208 1354 haud
230 1295 317 1355 velox
339 1295 444 1371 pulsus
467 1313 535 1354 cum
557 1294 643 1354 molli
665 1294 785 1354 verbere
807 1298 911 1371 ruptos

36 1407 101 1448 mo
122 1383 237 1463 ingerit
259 1385 289 1444 et
310 1387 437 1444 renovat
458 1385 545 1443 ictus.
582 1384 670 1443 urina
693 1402 820 1460 superne

122 1473 272 1552 appositis
295 1473 433 1533 menibus
456 1474 531 1532 livet
553 1472 661 1532 citrino
683 1473 782 1533 colore

122 1583 180 1641 per
200 1565 299 1622 totum
323 1565 427 1639 spisso.
464 1580 532 1622 raro
555 1561 613 1623 sibi
634 1563 744 1639 poculo
765 1563 863 1638 poscit

123 1651 275 1729 castigate
297 1652 376 1727 sitis,
400 1652 544 1711 animales
567 1651 685 1728 inpedit
707 1655 791 1712 actus

123 1740 288 1818 subrepens
312 1741 491 1819 quandoque
513 1743 632 1817 stupor,
655 1742 753 1801 lentus
777 1742 859 1800 calor
881 1743 965 1800 ortus

38 1850 103 1894 ms
122 1829 271 1906 incendit,
294 1833 398 1908 turget
420 1831 536 1905 vultus,
560 1830 712 1890 succincte
735 1833 852 1908 quietos

121 1921 158 1980 in
181 1938 319 1996 sompnos
343 1920 423 1979 oculi
445 1920 592 1997 turgescit
612 1919 769 1996 palpebre,
793 1924 927 1979 ventrem

122 2009 270 2069 distendit
292 2010 441 2087 grovitus,
463 2027 572 2085 parcus
596 2009 681 2069 dolor
704 2010 852 2086 aggravat
875 2009 966 2066 situs.

122 2098 257 2160 crebrius
279 2099 357 2158 hunc
379 2098 496 2158 inducit
517 2097 632 2174 hiemps
657 2100 712 2157 aut
733 2099 841 2157 ultimo
864 2096 976 2155 febrem

122 2342 140 2397 b
174 2268 456 2394 112118111661111676
476 2268 616 2337 liperied
637 2270 640 2338 Ι
661 2268 756 2336 quatit
773 2268 804 2323 d:
824 2267 915 2337 (pritb
937 2265 947 2338 Η
969 2271 1039 2320 2169
1063 2266 1144 2336 algor

148 2362 155 2394 :
193 2356 274 2394 umor

198 2416 268 2466 2160
286 2413 361 2467 rubr.
380 2411 484 2480 Incipit
503 2410 538 2465 de
558 2409 699 2464 continuis
718 2413 747 2465 et
764 2411 856 2479 primo
876 2410 911 2465 de
930 2410 1088 2465 cottidIcnu
1109 2427 1144 2465 ex

122 2483 258 2554 flegmate
282 2482 292 2554 ΙΙ
317 2489 387 2538 2162
411 2484 508 2537 exorte
531 2483 592 2537 vic-o
617 2483 645 2536 b:
670 2481 793 2535 exoritur
814 2482 888 2536 vitro
911 2482 931 2536 d
953 2483 985 2551 (?)
1011 2485 1015 2549 Ι
1038 2483 1090 2551 psit
1114 2483 1143 2536 b:

122 2557 221 2625 posset
238 2555 265 2607 d.
298 2555 334 2621 cf.
349 2556 389 2609 Io.
405 2553 555 2608 Cotidiana
572 2553 706 2608 continue
724 2553 756 2607 fit
775 2554 811 2606 de
833 2553 963 2622 flegmate
984 2553 1142 2621 putrefacto

122 2627 202 2681 Intra
219 2640 295 2679 vesu.
333 2624 418 2680 Cuius
438 2626 519 2695 signu
537 2625 591 2680 hcc
610 2627 683 2679 sunt.
710 2625 794 2678 urinu
813 2624 879 2678 elbu
903 2626 931 2678 et
954 2624 1052 2692 spisso.
1081 2623 1143 2693 pul-

124 2715 174 2752 sus
199 2696 300 2751 meliis.
336 2696 411 2751 Ictus
440 2699 470 2750 et
496 2697 603 2750 turdus.
639 2698 668 2750 et
695 2695 843 2765 ineqquis.
879 2695 946 2764 quis
974 2695 1144 2763 quandoque

123 2768 208 2824 fortis
233 2768 401 2837 quandoque
429 2768 538 2822 debilis.
574 2767 662 2822 fuoies
689 2768 800 2822 tumide
831 2768 860 2821 61
889 2765 1046 2820 subalbido.
1083 2767 1144 2820 sitis

123 2840 246 2894 modica.
275 2841 325 2893 sut
343 2839 429 2893 nullu.
457 2838 529 2893 Xct
542 2838 607 2894 VIII
625 2839 703 2893 horis
721 2838 809 2893 hebet
827 2839 858 2891 in
876 2853 984 2892 summo
1000 2837 1097 2892 labore
1116 2841 1145 2894 et

124 2911 166 2966 VI
183 2911 214 2965 in
231 2910 306 2965 falsu
325 2911 427 2979 quiete.
456 2910 488 2964 fit
506 2911 566 2965 sine
583 2911 677 2980 rigore
696 2913 724 2964 et
743 2909 847 2979 frigore
866 2914 927 2978 (seq.
942 2911 1020 2980 cura)
1041 2909 1051 2982 II
1074 2915 1143 2964 2162

124 2983 206 3038 seriis
223 2984 239 3038 b
256 2983 313 3053 (sed
328 2985 361 3036 16
378 2999 463 3052 morp.
482 2985 523 3050 ψ)
541 2982 552 3054 ΙΙ
569 2987 639 3036 2166
658 2981 708 3035 lux
726 2983 754 3036 b:
773 2997 828 3035 nox
847 2981 866 3035 d
883 2980 892 3054 II
910 2985 979 3034 2166
995 2982 1145 3051 resurgunt

124 3086 234 3160 (figur)
258 3090 286 3144 o:
310 3105 457 3158 resurgens
479 3089 499 3144 6
522 3088 532 3160 ιι
557 3095 626 3143 sier
650 3065 742 3158 pande
765 3088 823 3156 (sie)
847 3089 863 3142 6
887 3087 891 3160 ι
922 3085 1142 3158 6166666661

125 3161 240 3216 flumme
257 3159 393 3215 rutilante
412 3161 431 3215 d
449 3159 458 3232 I!
477 3166 546 3215 2169
565 3162 639 3215 hecco
660 3176 767 3215 cocum
785 3175 836 3214 om.
856 3161 871 3214 b
900 3158 903 3230 I
926 3164 996 3213 2170
1015 3159 1145 3226 ictusque

125 3233 249 3304 (161961)
269 3234 285 3288 b
307 3231 317 3305 Η
340 3237 409 3287 2171
429 3231 567 3301 oppositis
586 3230 729 3285 munibus:
754 3232 789 3298 cf.
804 3234 911 3286 62263
934 3229 943 3302 Η
966 3235 1036 3285 2172
1054 3230 1145 3298 possit

126 3324 144 3379 b
166 3321 176 3394 II
199 3327 269 3376 2173
289 3321 426 3376 enimsles
444 3321 474 3376 d:
499 3319 613 3375 currules
632 3321 691 3388 (sic)
711 3321 726 3374 d
748 3322 751 3389 Ι
772 3316 892 3389 impedit
915 3321 995 3373 ectus
1018 3319 1049 3373 d:
1072 3306 1144 3388 ipet¹

125 3396 205 3449 artus
224 3395 248 3461 b,
268 3396 316 3463 qui
334 3411 384 3449 om.
399 3409 507 3448 versum
520 3409 571 3460 seq.
587 3389 749 3461 (subrepens
765 3421 797 3432 —
813 3393 900 3458 ortus)
919 3389 929 3461 Η
947 3392 1144 3444 21761666116

125 3466 186 3606 1AE
187 3466 310 3606 addidm
329 3467 358 3520 b:
378 3464 473 3532 quiete
491 3464 511 3518 d
531 3463 541 3534 14
565 3468 633 3516 2177
648 3463 694 3534 pt9
709 3464 737 3518 b:
755 3462 834 3531 prius
853 3463 873 3518 d
892 3461 901 3533 Η
922 3466 992 3515 2178
1010 3478 1109 3530 yemps
1128 3463 1144 3516 b
