2584 3900
508 197 676 252 VlATIGUS

94 346 220 406 laeditur
243 347 373 407 olfactus
396 366 450 406 nee
472 347 578 406 flatum
597 348 720 426 turgida
743 348 823 407 neris

94 434 168 494 aeris
190 435 337 512 admittit,
361 436 413 496 sed
434 436 547 496 hiantis
570 437 686 514 perficit
708 438 768 497 oris

95 525 220 584 officium
244 544 321 602 quae
343 544 404 584 non
427 526 578 602 complent
599 528 764 603 spiramina
787 545 887 602 nares,

35 613 222 674 secerneris
244 615 355 674 delicta
377 613 505 674 vicarius
529 615 588 675 oris
611 615 713 675 hiatus

93 703 236 763 defectum
258 705 401 781 supplens
423 705 552 764 redimit
589 705 669 781 pluit
691 704 785 764 imbre
808 706 960 782 frequenti

93 793 122 850 in
144 793 281 853 lacrimas
304 793 422 853 stillans
446 795 562 868 oculus,
585 794 775 854 sinthomatis
798 794 887 853 index

93 882 191 942 crebra
213 901 337 943 movens
359 882 511 942 cerebrum
533 883 569 940 fit
591 885 783 958 sternutatio,
806 884 889 943 stilla

92 971 209 1031 naribus
233 976 354 1032 emanat
375 971 475 1032 leticie
499 989 576 1048 quae
599 972 801 1050 limpidioris

36 1070 74 1110 ⁶²⁵
92 1062 207 1120 aemula
229 1060 386 1121 continuet
407 1060 514 1121 subtili
534 1065 668 1122 reumate
689 1061 811 1121 fluxum.

93 1149 123 1208 Si
145 1151 227 1210 calor
248 1152 280 1209 in
304 1169 394 1210 cause
417 1154 476 1226 est,
499 1150 587 1210 rubet
610 1169 657 1226 os,
680 1152 761 1211 color
784 1153 918 1211 aemulus
943 1153 1010 1210 auri

92 1239 193 1299 urinae
215 1240 323 1300 rutilat
345 1259 436 1316 quam
458 1259 554 1318 grana
576 1241 695 1299 minuta
717 1241 865 1314 colorant,

92 1331 184 1388 exurit
206 1347 294 1389 neres
317 1348 412 1406 vapor
434 1332 540 1408 igneus
563 1333 655 1406 atque
678 1332 802 1389 nocivus

91 1418 241 1497 egrediens
264 1418 371 1477 humor
393 1419 540 1497 pungenti
562 1421 698 1478 caumate
721 1437 840 1478 carnem

37 1517 75 1555 ⁵³⁰
90 1510 226 1569 excoriat.
264 1526 353 1584 super
374 1509 431 1567 hoc
453 1507 576 1566 dubium
598 1508 783 1586 proscribere
805 1510 932 1584 possunt

89 1600 223 1674 tempore
246 1597 310 1657 vita
332 1597 415 1657 locus
438 1598 612 1673 complexio.
648 1597 770 1676 sanguis
793 1597 967 1658 habundans

89 1705 160 1746 vasa
183 1689 298 1746 tumere
321 1687 408 1762 facit,
432 1687 533 1746 oculos
556 1687 663 1747 ardore
685 1687 803 1746 ruboris

88 1774 234 1850 infundit,
257 1777 396 1854 linguam
418 1775 514 1835 reficit
536 1775 666 1836 dulcore.
703 1776 858 1836 rubentem

88 1865 248 1943 inpinguat
270 1865 393 1943 sanguis
416 1866 542 1940 faecem,
565 1867 715 1944 succingit
738 1867 776 1925 ad
798 1866 893 1925 ictum

38 1963 72 2002 ⁶³⁵
89 1956 228 2013 arteriam
250 1955 379 2014 mollem.
416 1955 495 2029 sitis,
517 1974 604 2015 arens
626 1955 743 2031 vultus,
766 1974 902 2014 amarum

89 2061 135 2118 os,
157 2043 255 2103 tenuis
278 2044 347 2102 faex
368 2043 458 2120 ignea
481 2044 649 2122 sanguinis,
674 2046 793 2122 inpiger
814 2046 890 2104 ictus

89 2132 215 2208 arteriae
238 2131 331 2192 durae
354 2133 484 2192 coleram
507 2134 620 2193 saevire
644 2133 785 2192 fatentur.

90 2220 122 2280 Si
144 2221 297 2281 cerebrum
319 2222 409 2282 molle
432 2222 612 2300 constringit
633 2221 740 2280 noxius
763 2221 849 2300 algor

90 2329 225 2387 corycum
248 2329 407 2388 generans,
430 2311 534 2387 facieS,
557 2313 647 2370 urina
669 2312 787 2369 minuta

39 2408 73 2447 ⁶4⁰
89 2419 206 2460 sursum
229 2418 324 2478 grana
346 2401 443 2460 ferens
467 2404 513 2460 est
535 2399 677 2472 discolor,
700 2399 763 2459 edit
784 2401 928 2458 inermem

91 2491 219 2549 arteriae
242 2492 342 2549 motus
365 2491 499 2566 pulsum,
523 2490 577 2566 qui
599 2488 704 2548 defluit
726 2490 835 2548 humor

89 2579 223 2638 sensibili
244 2577 375 2657 frigdore
398 2581 493 2639 nocet.
534 2579 560 2637 si
581 2579 691 2656 flegma
712 2577 866 2655 liquescit,

89 2667 243 2727 mollificat
266 2668 399 2745 pulsum,
423 2688 511 2745 quem
535 2668 588 2727 dat
609 2669 709 2727 vesica
731 2668 879 2744 liquorem

88 2758 261 2835 inpinguat,
284 2759 390 2836 gustus
414 2775 526 2834 aqueus
550 2775 639 2832 sapor
660 2757 764 2817 inficit.
799 2757 907 2815 humor

161 2914 213 2964 618
231 2909 326 2978 yantis
345 2911 361 2965 b
379 2909 389 2982 ΙΙ
408 2913 460 2963 620
479 2910 508 2964 et
523 2908 628 2963 delicta
644 2910 749 2965 narisb
766 2911 770 2979 Ι
786 2911 870 2978 yatus
889 2909 905 2962 b
922 2908 932 2979 ΙΙ
951 2912 1001 2962 621
1018 2907 1107 2961 imbre

90 2999 127 3035 m:
147 2979 214 3035 orbe
233 2982 249 3034 6
266 2980 277 3052 ΙΙ
296 2986 347 3036 626
367 2980 464 3035 crebre
483 2981 519 3046 61
536 2979 626 3034 stilla:
646 2981 874 3048 6606636214
893 2983 940 3048 (cx
958 2995 1010 3048 quo
1029 2981 1084 3046 Io.)
1097 2979 1107 3050 Ι

90 3058 140 3107 626
167 3051 244 3106 calor
269 3055 336 3122 Ι...
358 3057 411 3107 668
437 3051 539 3122 algor):
565 3051 601 3118 es.
622 3053 722 3107 Barth.
744 3053 773 3108 0.
795 3052 961 3119 S.11,109
985 3058 1011 3105 et
1033 3053 1106 3105 Petr.

90 3125 211 3190 1V,294
231 3124 412 3194 (quandoque
435 3139 469 3178 ex
493 3121 618 3192 frigidis,
642 3124 811 3192 quandoque
835 3139 870 3178 ex
888 3122 999 3190 calidis)
1021 3121 1031 3193 ΙΙ
1055 3127 1106 3174 662

89 3213 113 3248 v.
134 3197 290 3250 tumescere
316 3196 366 3250 dat
392 3197 408 3249 6
434 3194 445 3268 ΙΙ
473 3200 525 3249 666
554 3194 668 3249 dulcore
693 3213 732 3250 m:
761 3194 881 3249 dulcedo
907 3196 923 3250 b
950 3194 960 3266 ΙΙ
987 3199 1039 3247 664
1065 3193 1106 3245 in-

91 3284 190 3354 pingat
217 3302 245 3339 m
270 3285 281 3356 ΙΙ
309 3289 360 3339 666
389 3282 494 3339 arteria
522 3285 538 3337 b
564 3282 574 3356 ΙΙ
602 3288 653 3338 636
682 3284 701 3337 f.
728 3285 813 3355 ignea
841 3283 987 3353 sanguinis
1014 3278 1104 3350 inpig⁵

93 3391 185 3460 dpigit
204 3392 230 3460 b)
249 3391 322 3445 ictus
340 3392 384 3446 ml>
407 3390 416 3462 ΙΙ
440 3395 491 3445 639
511 3390 603 3445 coriae
622 3392 637 3445 b
659 3390 669 3463 ΙΙ
690 3395 742 3445 640
760 3391 867 3444 iherme
885 3408 912 3444 m
932 3390 942 3460 ΙΙ
964 3394 1012 3442 641
1035 3379 1107 3443 artie

93 3465 118 3516 b:
138 3462 206 3516 arde
224 3481 251 3517 m
266 3465 271 3530 Ι
287 3463 337 3532 qui
357 3462 456 3516 defluit
474 3480 513 3518 m:
533 3479 616 3530 quem
636 3461 756 3516 destruit
775 3463 790 3516 b
808 3461 818 3533 ΙΙ
837 3466 888 3516 642
908 3458 1049 3513 sensibilis
1069 3461 1084 3513 b
1101 3461 1104 3530 Ι

92 3569 211 3624 friodore
228 3587 256 3624 m
272 3574 275 3636 Ι
292 3568 395 3623 fleuma
413 3586 452 3622 m:
472 3543 509 3621 fii
528 3569 544 3622 b
561 3566 571 3638 ΙΙ
593 3573 645 3621 644
664 3568 796 3636 inpingat
813 3585 840 3622 m
