2604 3900
522 181 691 236 VIATIOUS

93 334 237 394 efficiunt
258 334 306 393 vel
329 352 407 410 quae
430 334 544 393 veneris
567 334 742 393 succendere
764 332 914 394 flammam

95 428 195 500 atque
218 422 392 500 cupidinees
415 424 543 500 possunt
564 441 705 501 generare
729 423 867 499 sagIttes.

174 512 313 572 Humano
338 513 441 590 generi
462 512 582 587 lapsum
604 513 737 572 minatur
760 512 870 572 amicos

27 617 76 657 iero
96 603 225 662 affectus
248 603 365 661 veneris
389 603 443 660 aut
465 601 664 660 oblectamina
688 600 782 660 dulcis

97 692 279 769 extinguens
303 690 400 766 operis
424 690 690 766 aproximeron,
713 689 839 751 variatis

99 780 237 840 exoriens
261 782 367 839 causis.
405 799 475 838 nam
497 799 603 839 renum
624 779 812 840 mortificatis

98 869 233 929 motibus
255 869 369 929 insistit
392 869 490 947 algor,
513 870 562 928 vel
584 887 677 929 verna
699 869 837 928 minister

101 958 261 1035 expediens
284 957 386 1017 veneri
407 958 541 1018 membra
563 959 676 1018 virtute
698 960 823 1018 remissa

31 1064 81 1104 uec
102 1047 204 1106 deficit
226 1047 331 1121 officii,
353 1047 401 1106 vel
424 1065 531 1106 causae
553 1048 719 1108 materialis

102 1137 285 1214 principium
309 1136 375 1195 dest
396 1136 568 1196 humiditas.
616 1137 648 1196 Si
669 1138 777 1196 noxius
801 1136 886 1213 algor

104 1225 228 1300 efficiat,
251 1225 369 1302 pallens
391 1224 497 1300 facies,
520 1225 686 1301 complexio
710 1227 797 1303 signa

104 1313 283 1393 frigiditatis
306 1314 431 1390 habens,
454 1318 551 1389 aetas,
574 1315 664 1374 urina
685 1315 822 1388 remissa,

104 1404 247 1482 segnities
270 1407 383 1478 motus,
407 1404 504 1478 locus,
527 1405 581 1462 aut
602 1405 738 1480 inspecta
762 1403 862 1461 diaeta

35 1509 85 1550 raes
105 1495 284 1572 argumenta
306 1492 421 1553 dabunt
442 1493 519 1551 fidei.
557 1494 582 1551 si
605 1494 729 1570 spiritus
753 1492 859 1552 absens

106 1583 254 1642 defectum
277 1582 382 1656 faciet,
405 1583 500 1641 virtus
524 1582 654 1657 defecta,
678 1581 789 1641 laboris

105 1671 299 1749 praeveniens
323 1671 458 1749 gravitas
480 1671 635 1731 hominum
659 1673 801 1732 consueta
824 1671 958 1747 vigorem

106 1761 293 1835 abbreviare,
317 1760 379 1819 dies
402 1760 584 1839 prolongans
607 1761 708 1837 passio
731 1760 837 1838 longa,

105 1853 177 1911 haec
200 1850 258 1909 tibi
280 1848 450 1927 signabunt.
483 1848 510 1908 si
532 1867 623 1909 causa
645 1849 685 1909 sit
706 1848 896 1908 humiditatis

35 1953 88 1993 icco
107 1940 253 2013 defectae,
274 1938 333 1999 tibi
354 1957 401 1998 res
425 1937 519 2016 signis
543 1938 676 2016 signabit
699 1938 823 2011 eisdem,

104 2029 226 2106 insuper
249 2047 282 2088 os
304 2027 378 2103 pelli
400 2027 583 2104 consumptis
607 2026 748 2087 carnibus
771 2028 882 2085 haeret.

177 2117 250 2176 Tres
274 2118 409 2193 spasmi
432 2116 544 2193 species
566 2117 676 2193 triplex
700 2115 753 2175 dat
776 2132 879 2189 causa,
900 2117 1041 2174 recurvat

106 2225 183 2284 quae
206 2225 277 2283 pars
301 2206 433 2265 anterior
456 2207 546 2281 caput
569 2208 823 2282 emprostotonus‚
847 2205 929 2264 astra

107 2296 294 2355 dinumerare
317 2295 392 2354 fecit
414 2294 602 2372 opistotonus
626 2314 676 2354 ore
700 2295 808 2371 supino

38 2397 88 2436 isse
107 2385 267 2461 disponens
290 2402 424 2462 gressus,
448 2384 566 2460 aequali
589 2385 674 2444 lance
697 2387 834 2444 coartans

108 2473 240 2551 corporis
263 2476 561 2551 utramquepartem
584 2477 704 2533 tetanus
727 2476 816 2533 nocet
838 2473 928 2548 atque

107 2562 249 2622 inflexum
271 2562 462 2640 rigidumque
487 2563 572 2622 docet
595 2563 755 2623 consistere
777 2580 893 2637 corpus.

182 2773 251 2822 1559
271 2767 436 2837 cupidineus
455 2786 489 2823 ea
510 2769 607 2824 Ouidio
627 2770 668 2824 ait
686 2770 770 2838 Epio.

183 2845 252 2894 1554
270 2840 345 2895 rubr.
371 2839 414 2894 De
442 2856 665 2909 approxymeron
693 2839 783 2894 causis
812 2837 900 2908 signis
929 2837 1076 2906 speciebus
1101 2839 1125 2892 b.

108 2914 192 2967 hocius
214 2927 317 2980 quoque
340 2912 427 2966 morbi
449 2927 547 2967 comeo
570 2912 639 2978 (ecit.
660 2913 782 2980 aproxis
803 2911 922 2976 comica)
946 2927 980 2965 cc
998 2910 1126 2964 Aurelio-

109 2984 174 3038 Ese.
190 2983 267 3052 apud
287 2983 354 3038 Gor.
369 2986 396 3049 3,
410 2987 446 3038 70
464 2983 550 3049 (unde
563 2983 658 3050 Sim),
680 2999 755 3036 pwcc
773 2987 865 3036 autem
883 2997 940 3035 coa
958 2987 1032 3035 extat
1050 2981 1127 3049 apud

110 3055 183 3110 Ooel.
201 3055 272 3108 Aur.
293 3071 322 3123 p.
340 3058 401 3109 570.
421 3057 473 3108 575
497 3056 643 3122 (Ammon)
669 3053 679 3125 11
704 3057 773 3107 1558
793 3068 880 3108 verna
903 3053 1043 3106 minister:
1067 3053 1125 3106 scil.

108 3127 225 3195 spirim
244 3126 343 3193 (Plot.)
362 3124 529 3197 01098611
548 3130 615 3179 1581
636 3125 716 3178 deest
735 3125 750 3177 b
770 3126 798 3194 (i.
813 3141 834 3178 e.
850 3123 913 3177 dest
926 3126 1040 3192 poetice)

183 3200 251 3249 1599
275 3198 350 3252 rubr.
375 3196 416 3250 De
440 3196 545 3265 spasmi
568 3197 661 3250 causis
685 3195 773 3265 signis
796 3199 825 3249 et
848 3194 994 3264 speciebus
1018 3196 1041 3248 b.
1081 3194 1127 3247 De

108 3284 218 3337 apuam
245 3268 287 3321 aaz
319 3268 396 3336 opud
423 3269 496 3322 Plot.
526 3271 623 3336 (coque
650 3269 681 3321 in
710 3267 739 3323 0.
762 3268 789 3322 S.
807 3268 909 3335 Vrat.),
941 3267 989 3321 ced
1020 3266 1127 3334 supplet

109 3341 231 3394 Ioopnee
249 3345 313 3407 poet
333 3340 481 3409 paralysin
504 3356 537 3392 ec
557 3339 625 3394 Gor.
646 3339 774 3406 (Tbeod.)
796 3342 852 3405 5,1
877 3346 902 3392 et
920 3340 1016 3404 (Aer.)
1037 3339 1094 3401 5,2
1118 3335 1128 3408 Η

112 3415 180 3465 1193
200 3412 438 3478 cmprostotonus:
458 3423 476 3482 3
496 3413 560 3478 (pro
579 3415 605 3478 e)
623 3412 775 3483 ptostenus
794 3411 810 3463 b
829 3409 1068 3478 (cmprotoetonici

110 3481 322 3605 empitpptpnici
341 3484 382 3607 lp.
397 3481 455 3537 cod.
470 3482 573 3550 Ampl.)
596 3482 606 3553 ss
630 3485 700 3536 1594
723 3482 911 3548 opistotonus:
935 3480 1065 3546 epitonus
1084 3479 1099 3531 5
1118 3477 1128 3549 tt

112 3557 182 3607 1595
234 3567 335 3605 eanus

164 3660 275 3699 Romus
289 3660 412 3700 ausone.
950 3660 965 3707 5
