2604 3900
505 155 674 210 VIATIGUS

27 263 28 304 i
91 310 194 385 inficit,
216 311 261 369 est
282 308 388 369 viridis
412 307 534 386 agrieca
555 306 746 384 migaleodis,

27 419 73 458 rus
91 419 128 457 ex
149 418 178 457 re
199 417 305 458 nomen
327 396 442 457 habens
465 396 612 456 deformes
635 395 775 474 denigrat
796 397 880 454 artus

91 487 245 564 Ethiopem
267 486 413 547 simulans
436 504 505 545 oum
528 486 605 563 pelle
627 485 825 544 melanchiros
850 488 924 544 atra.

90 597 127 635 ex
149 577 242 636 colera
264 595 368 636 crocea
391 575 503 652 species
526 574 685 651 procedere
707 573 805 650 prima

91 665 221 742 edidicit,
243 666 359 725 furiose
381 665 456 725 facit
478 663 615 740 prassine
638 663 812 738 secundam,

90 757 266 830 postremam
289 759 414 832 generat
436 753 521 832 niger
542 754 658 813 humor.
695 753 794 830 prima
815 753 941 812 notatur

34 863 75 902 oro
91 845 190 904 urinae
212 863 319 922 spuma
343 861 445 904 crocea
467 841 617 918 viridique
641 841 770 901 secunde

91 937 121 992 et
143 935 290 1010 postrema
313 932 409 1012 nigra.
446 931 551 992 Virtus
576 932 755 1009 quandoque
777 948 934 1008 resurgens

91 1024 213 1082 naturae
235 1022 310 1082 facit
330 1023 500 1095 icterioum,
523 1040 591 1081 cum
613 1020 723 1079 liberat
746 1039 868 1098 aegrum

91 1112 275 1190 absolvitque
299 1111 362 1171 dies
387 1110 548 1184 (creticus,
572 1111 646 1185 qui>
671 1129 778 1169 cauma
801 1109 905 1168 febrile

90 1202 228 1262 terminat
250 1204 280 1261 et
303 1200 432 1277 spondet
454 1202 576 1277 optatae
599 1198 679 1259 dona
702 1200 817 1258 salutis.

35 1307 75 1346 ruo
91 1291 197 1351 accidit
218 1291 267 1350 hic
290 1309 377 1350 casus
400 1309 454 1366 per
476 1289 539 1349 rim
561 1288 752 1348 sinthomatis
777 1307 899 1365 aegrum

91 1381 307 1458 condempnans
330 1380 475 1439 minitans
499 1397 638 1455 suprema
660 1378 795 1454 pericula
817 1375 908 1435 febris

92 1471 260 1545 continuae,
283 1470 309 1529 si
332 1467 465 1527 membra
488 1468 551 1527 dies
575 1469 618 1527 sic
640 1467 737 1526 inficit
759 1468 842 1544 aegri

92 1561 221 1635 quartus.
259 1558 370 1634 absque
393 1557 474 1617 febre
498 1557 575 1617 cutis
598 1558 671 1616 haec
694 1557 817 1615 infectio
841 1573 932 1614 causa

91 1648 249 1725 multiplici
271 1647 386 1725 prodit,
408 1645 537 1706 ferventi
559 1646 719 1723 sanguine,
742 1664 815 1722 poro

35 1751 76 1790 mo
92 1738 223 1797 obstruso
246 1737 327 1797 fellis
350 1737 399 1796 vel
422 1736 547 1813 splenis,
570 1735 716 1796 uberioris

92 1826 120 1884 vi
142 1829 255 1887 colerae
278 1826 363 1886 cuius
385 1825 506 1886 ubertas
530 1826 631 1901 ampla
654 1845 708 1900 per
731 1829 813 1884 artus

91 1915 212 1976 infectos
235 1916 372 1993 disperse
394 1915 469 1989 ruit,
493 1915 605 1974 virtute
629 1915 738 1974 veneni

92 2004 196 2065 hausti.
244 2005 277 2064 Si
300 2004 422 2083 sanguis
446 2006 564 2065 fervens
588 2004 703 2064 occasio
726 2004 793 2078 fiat,

91 2095 242 2168 praedicat
263 2096 320 2155 hoc
343 2094 444 2154 vultus
468 2095 550 2153 color
573 2097 604 2152 et
626 2093 708 2152 calor
730 2090 935 2151 inmoderatus

36 2194 77 2234 rus
92 2187 218 2260 corporis
242 2189 273 2244 et
295 2185 401 2261 pulsus
423 2185 510 2243 velox
534 2183 715 2258 chymosque
739 2181 840 2240 diaeta

160 2324 229 2372 1314
255 2317 543 2388 agriatapegaleontis
571 2319 600 2383 b,
628 2323 660 2371 ut
685 2317 759 2372 Plau.
786 2315 901 2385 agriaco
925 2311 1107 2382 pegalilontie

99 2390 168 2445 Vrat.
183 2391 212 2446 0.
227 2391 256 2446 S.
271 2392 314 2456 ΙΙ,
327 2394 382 2445 393
397 2390 597 2460 (agriacapega
613 2388 718 2442 filontio
737 2389 788 2455 ed,
807 2382 1107 2456 agriacapegasilontis

92 2462 145 2516 cod.
164 2463 240 2517 Bcrl.
262 2464 309 2517 lat.
331 2466 436 2545 quad
462 2467 487 2516 ct
511 2462 633 2515 Ioannes
656 2461 716 2528 ΑΗ,
743 2463 804 2513 Eae.
827 2457 910 2541 (coede
935 2455 1002 2539 Gor.
1016 2457 1106 2538 corr.)

92 2549 219 2673 3333
235 2527 1107 2673 utaruuucttmtetraiecturum

93 2676 182 2730 oculos
207 2677 252 2746 (cs.
270 2678 347 2731 Anci
366 2677 468 2742 10,17)
492 2675 502 2747 ΗΗ
526 2680 595 2728 1316
618 2673 811 2728 melanchiton
835 2673 897 2726 b=
915 2667 1107 2723 melanchiron

94 2747 128 2800 Ic.
143 2751 178 2803 A.
193 2754 219 2803 et
237 2749 311 2803 Plct.
326 2747 413 2813 Bert,
431 2747 480 2800 ubi
498 2744 687 2800 melanehilon
706 2745 746 2800 cd.
762 2751 787 2799 et
801 2743 877 2797 Vrat.
889 2741 917 2796 0.
929 2741 956 2796 S.
989 2740 1024 2806 cf.
1040 2739 1105 2794 Eae.

93 2819 160 2890 Aug.
180 2818 370 2873 melancorum
393 2821 506 2888 (-coron
525 2817 598 2886 Oua.)
623 2816 722 2870 dicunt
744 2815 801 2870 ccci.
822 2811 1023 2883 μελάγχλωρον.
1060 2811 1108 2866 scd

93 2890 280 2944 melanchiron
302 2908 321 2944 a
344 2889 437 2944 chiros
461 2908 486 2957 q.
507 2905 529 2942 e.
549 2903 650 2941 manus
673 2886 718 2940 vel
737 2886 844 2940 chimos
863 2902 890 2952 q.
905 2900 928 2937 e.
943 2883 1044 2938 humor
1062 2900 1108 2938 ex·

90 2961 172 3025 plicat
196 2962 280 3032 Epic.
301 2962 333 3017 iu
355 2977 449 3016 ccccm.
471 2979 514 3014 ur.
541 2959 551 3041 Η
579 2963 648 3012 1318
672 2957 790 3012 furiosa:
816 2957 847 3011 id
870 2962 908 3011 est
927 2962 1041 3024 propter
1062 2956 1107 3021 fo-

93 3033 238 3089 rioeitotcm
266 3032 345 3102 (facit
378 3032 471 3088 colera
497 3030 596 3084 vindis
626 3031 683 3098 cto.)
715 3029 726 3101 ΗΗ
759 3033 827 3082 1322
852 3033 917 3097 poet
944 3043 1007 3081 cunr
1035 3026 1107 3095 (dies

93 3108 124 3154 eri
231 3120 331 3158 cauma
354 3102 464 3172 febrile)
486 3103 580 3157 album
602 3103 634 3155 in
656 3101 713 3155 cod.
734 3101 763 3168 b,
785 3100 895 3155 videtur·
917 3100 987 3153 male
1010 3099 1108 3168 legenti

93 3177 218 3230 undose
242 3176 362 3230 creticus
386 3177 415 3245 (i.
435 3192 456 3230 e.
476 3173 600 3242 criticus)
625 3173 674 3240 qni
698 3173 742 3241 (cf.
762 3172 836 3228 Plat.
860 3171 888 3224 ri
912 3173 1013 3224 nature
1036 3167 1107 3222 solet

93 3243 148 3301 fieri
170 3248 236 3316 post
257 3245 310 3300 VH
333 3246 393 3300 dies
418 3248 447 3300 et
469 3245 499 3299 in
522 3244 617 3314 aliquo
641 3242 688 3297 die
707 3242 811 3298 cretico
830 3259 894 3297 cum
915 3240 1107 3295 deminutione

94 3315 185 3388 febris)
208 3318 218 3390 ΗΗ
241 3322 310 3372 1326
330 3317 454 3371 munitius
474 3318 490 3372 b
512 3317 522 3389 ΗΗ
546 3320 614 3370 1329
632 3331 716 3384 porro
736 3316 794 3384 (sic)
814 3316 830 3368 b
850 3314 860 3385 ΗΗ
882 3317 952 3367 1330
970 3310 1071 3366 obtuso
1091 3313 1107 3364 b

95 3389 274 3457 (0331360).
302 3389 337 3456 cf.
353 3390 427 3444 Pzac.
442 3403 477 3443 cx
491 3387 646 3458 opilatiene
661 3386 812 3454 superioris
826 3385 871 3440 vel
887 3382 1028 3438 inferioris
1043 3383 1108 3452 pori

94 3457 165 3515 cistis
190 3459 273 3516 fellis.
310 3461 344 3516 dc
366 3462 458 3531 splene
480 3461 516 3529 cf.
535 3461 646 3516 c.1360
666 3461 670 3528 Η
690 3457 707 3511 t
729 3457 834 3527 splenis
856 3455 873 3509 t
895 3454 1033 3509 uberioris
1057 3456 1073 3509 b
1095 3455 1108 3526 ΗΗ

96 3534 158 3586 1332
177 3532 279 3587 infect⁹
294 3534 377 3603 (tus)
397 3533 412 3588 b
430 3532 440 3606 ΗΗ
460 3537 528 3586 1333
549 3530 728 3599 chim⁹queo
