2604 3900
140 167 182 232 82
232 117 241 140 ⁰
590 163 706 218 acron

139 318 249 374 natura
273 313 365 373 simili
388 308 565 391 disponitur.
602 315 715 391 absque
737 334 843 392 sapore

140 422 222 463 oscas
246 405 391 462 mentitur
413 422 503 481 sapor
524 404 686 480 insipidus,
709 404 797 464 faciei

140 492 249 569 pallor,
273 492 305 550 in
328 511 446 552 accessu
470 494 535 552 sitis
559 492 747 568 abbreviata,
769 493 909 554 remissus

70 603 123 643 roeo
141 585 172 641 et
194 583 293 641 mollis
316 583 435 658 pulsus,
459 583 544 641 dolor
565 583 708 642 intestina
729 585 893 643 molestans

141 674 196 731 aut
218 672 405 730 stomachum
426 690 511 731 renes
534 674 588 731 aut
610 671 741 747 occiput,
764 673 862 732 acrius
884 673 1001 733 instans

140 760 240 836 passio
263 761 310 818 bis
333 760 410 820 senis
434 761 515 820 horis
537 761 584 820 bis
606 763 712 837 terque
734 760 890 839 flagellans

140 849 259 926 parcius
283 852 313 908 91
335 849 460 908 totidem
484 869 556 909 vera
577 851 704 910 latitura
726 851 839 927 quiete,

140 940 261 998 ubertas
285 939 381 1015 sputi,
403 940 509 1015 pulsus
532 939 685 999 muliebris
708 943 739 998 et
761 943 844 1000 99199

70 1047 123 1088 9999
142 1028 261 1106 frigida,
284 1027 446 1088 consimilis
470 1029 647 1104 complexio,
670 1030 778 1107 flegma
800 1029 901 1089 diaeta

140 1120 326 1192 instaurans,
349 1120 467 1194 tempus
490 1117 609 1193 hiemis,
631 1122 740 1178 natura
763 1119 909 1194 locorum,

140 1209 167 1266 si
190 1206 324 1281 dubitas,
346 1207 416 1265 fidei
438 1209 562 1284 portant
583 1209 719 1283 inspecta
741 1207 882 1286 sigillum.

213 1295 246 1354 Si
268 1295 360 1354 febris
383 1317 418 1354 ex
441 1295 523 1355 dulci
545 1296 584 1354 sit
606 1297 757 1374 flegmate,
780 1299 931 1374 promitur
954 1298 1013 1355 oris

141 1388 262 1461 accepto
287 1389 391 1464 gustu,
414 1404 507 1444 venae
530 1385 682 1460 pulsatilis
705 1387 767 1444 ictu

70 1493 124 1532 acco
140 1475 225 1534 molli
249 1494 337 1552 quem
359 1474 444 1533 fortis
469 1474 603 1550 disponit
624 1477 726 1534 motio.
763 1473 855 1533 faecis

142 1563 239 1640 spissa
261 1566 353 1640 negat
374 1564 467 1622 radiis
492 1562 609 1622 aditum
632 1563 802 1624 substantia
825 1563 921 1638 visus,

142 1652 265 1712 subrufo
288 1652 416 1727 rufoque
439 1653 552 1712 micans
577 1652 756 1729 quandoque
779 1653 885 1712 colore.

141 1743 223 1802 frons
247 1740 347 1819 gravis
371 1744 417 1800 est
440 1742 549 1816 oraria,
573 1761 670 1802 comes
694 1746 740 1802 est
761 1742 889 1818 putredo
912 1741 1046 1802 rubentis

141 1850 282 1906 aurorae,
305 1829 406 1890 nullus
429 1833 595 1907 praecurrit
617 1832 666 1892 991
688 1832 786 1892 brevis
810 1831 907 1909 algor,
1056 1843 1057 1846 ’

71 1915 123 1977 scot
141 1920 193 1981 sed
216 1921 298 1980 calor
321 1920 420 1978 exurit
442 1939 562 1997 corpus,
586 1920 653 1980 sitis
677 1920 881 1994 abbreviatur,

141 2012 192 2070 vix
214 2029 316 2070 veram
338 2009 453 2068 confert
474 2009 615 2069 membris
638 2010 736 2070 brouls
759 2010 833 2069 hora
857 2009 1001 2086 quietern,

141 2099 275 2159 horrenti
299 2099 446 2160 stomachi
468 2100 535 2158 faex
558 2118 644 2158 nares
668 2099 762 2158 laedit
784 2099 883 2158 odore.

212 2188 257 2246 Ex
281 2189 360 2247 salso
384 2189 519 2264 typicum
543 2189 722 2264 productum
745 2190 883 2267 flegmate
905 2187 1043 2247 morbum

215 2327 283 2374 1988
302 2322 419 2375 metitur
441 2324 457 2376 b
484 2322 494 2394 11
523 2327 589 2377 1991
615 2324 659 2377 bic
684 2341 711 2377 o.
729 2328 799 2378 1991
822 2324 893 2377 mule
911 2323 1028 2390 ponitur
1046 2329 1114 2390 post
1139 2341 1167 2378 o.

141 2410 194 2461 sep.
210 2396 281 2447 1992
297 2394 330 2446 19
348 2394 363 2446 b
382 2395 444 2460 (ubi
461 2395 500 2448 ad
517 2411 541 2448 o.
558 2398 626 2448 1993
645 2396 677 2448 19
695 2411 781 2464 morp.
799 2399 843 2462 ÷)
860 2396 864 2463 1
881 2393 994 2461 occiput
1012 2393 1043 2447 d:
1065 2395 1168 2462 capud

142 2483 158 2535 b
176 2481 189 2563 11
205 2485 274 2534 1991
288 2480 368 2551 peius
383 2483 411 2536 b:
430 2483 528 2549 paclus
547 2483 566 2536 d
582 2486 585 2551 1
601 2499 666 2536 vera
680 2473 782 2536 19111111
796 2482 891 2550 quiete
910 2483 937 2536 b:
958 2498 1051 2536 veram
1064 2481 1166 2536 latura

142 2555 266 2620 qu1etem
285 2553 310 2607 d.
348 2552 384 2618 cf.
399 2553 473 2608 Plot.
488 2553 579 2608 XVIII
603 2554 686 2608 horas
709 2553 797 2608 habet
819 2554 849 2608 in
872 2553 968 2607 labore
991 2553 1039 2606 ad·
1066 2551 1111 2605 lus
1133 2557 1166 2609 91

142 2623 188 2677 VI.
221 2624 251 2677 in
269 2640 334 2677 vera
352 2624 447 2691 quiete
467 2627 517 2692 (Io.
533 2625 680 2680 Cotidiana
696 2625 747 2678 XII
765 2626 849 2678 horas
872 2624 902 2678 in
925 2641 1033 2678 summo
1046 2571 1162 2679 labore.

143 2698 171 2749 et
189 2695 228 2748 VI
247 2694 367 2748 infulsa
386 2695 481 2762 quiete
523 2698 551 2750 91
564 2697 603 2749 Vl
623 2696 694 2751 91199
713 2699 743 2750 in
762 2712 828 2749 vera
846 2696 951 2764 quiete)
969 2695 979 2767 11
999 2700 1066 2749 1995
1085 2697 1165 2752 om

142 2783 166 2820 o.
182 2769 278 2833 (1995)
293 2768 379 2835 place
396 2783 446 2821 om.
467 2768 482 2822 b
505 2766 602 2839 111996
622 2769 780 2823 instaurans
800 2768 830 2821 d:
849 2767 924 2821 insta
942 2774 1017 2832 unis
1037 2768 1095 2837 (919)
1115 2769 1133 2822 b
1153 2768 1164 2840 11

145 2842 211 2891 1991
232 2838 360 2905 inspecta
378 2839 397 2892 d
416 2839 461 2907 (cf.
475 2856 500 2893 v.
514 2842 610 2908 2045):
629 2840 766 2909 inscripta
786 2839 904 2908 (iso'pta)
924 2839 940 2892 b

215 2913 284 2961 1998
302 2911 376 2964 rubr.
392 2909 433 2963 Dc
448 2909 604 2964 cottidiana
622 2927 657 2965 ex
671 2911 803 2981 flegmate
819 2909 896 2963 dulci
915 2910 930 2964 b
947 2911 951 2978 1
968 2908 998 2962 Si
1013 2951 1018 2960 .
1031 2951 1054 2963 ..
1071 2908 1107 2962 sit
1128 2910 1161 2964 d:

144 2977 198 3034 Sed
216 2979 268 3049 (83)
341 2981 365 3034 si
385 2982 400 3034 b
423 2981 433 3053 11
458 2986 525 3035 1999
546 2985 662 3051 accepto
681 2987 778 3052 gustu:
798 2982 833 3048 cf.
848 2983 921 3036 Plat.
942 2981 1022 3034 adest
1039 2979 1162 3036 dulcedo

143 3075 199 3129 oris
212 3074 222 3148 11
236 3079 306 3128 9000
321 3093 404 3144 quem
418 3078 449 3131 d:
465 3072 599 3148 99919191)
614 3080 630 3133 b
645 3082 689 3148 (cf.
700 3081 799 3134 Barca.
811 3079 840 3135 0.
851 3078 878 3133 S.
889 3079 944 3145 IV,
954 3078 1164 3142 341=1L750

142 3146 241 3216 pulsus
260 3146 340 3201 velox
358 3150 386 3202 91
410 3149 528 3218 spissus,
552 3150 645 3204 mollis
664 3153 693 3204 et
715 3150 825 3220 plenus)
852 3149 855 3222 1
882 3148 1032 3218 deponitb
1055 3146 1064 3219 11
1088 3152 1161 3203 9001

142 3219 178 3285 cf.
193 3220 267 3273 Plot.
281 3219 364 3272 urina
381 3220 445 3273 rufa
462 3220 508 3274 991
526 3221 642 3275 subrufa
660 3238 710 3290 per
728 3225 820 3276 totum
839 3221 930 3290 spissa
949 3220 959 3292 11
978 3223 1047 3273 9003
1066 3219 1163 3273 oneris

143 3317 173 3370 d:
193 3309 259 3370 horii
278 3317 396 3385 (horam)
416 3319 432 3371 b
451 3317 563 3385 (capitis
582 3319 702 3386 gravedo
717 3318 830 3442 1191111
848 3323 918 3372 9001
935 3334 1064 3372 aurorae:
1084 3317 1163 3372 circa

143 3386 265 3440 mediam
285 3389 395 3441 noctem
415 3389 542 3441 ascendit
560 3390 634 3442 Plot.
657 3389 666 3461 11
690 3393 758 3442 9005
779 3405 808 3442 99
847 3391 877 3443 d:
897 3390 975 3460 9111
996 3389 1163 3444 abbreviata

144 3458 163 3510 d
182 3458 226 3527 (cf.
246 3458 278 3511 fit
297 3457 384 3512 febris
457 3459 517 3512 sine
536 3458 584 3512 9111
603 3461 653 3526 19,
672 3459 733 3513 sine
751 3461 811 3529 tipo
831 3461 916 3530 Prot.)
1087 3501 1089 3504 -

216 3533 285 3582 9008
304 3531 378 3585 rubr.
398 3530 439 3585 Dc
458 3529 614 3583 cottidiana
632 3546 666 3584 cx
684 3530 810 3600 flegmati
829 3531 901 3586 salso
921 3533 937 3586 b
