2584 3900
536 151 703 242 vlaitoda

112 300 256 359 delictum
279 301 459 380 digestivae,
482 321 572 380 sapor
594 302 654 362 oris
678 322 826 378 acescens,

110 391 251 450 55555555
275 391 371 466 crudi,
394 391 542 467 pulsantis
566 393 682 450 tardior
703 392 795 466 ictus,

112 480 254 554 arteriae,
278 480 389 557 splenis
412 482 496 558 regio
519 481 669 559 gravitate
691 483 820 556 repleta,

64 590 91 628 so
111 569 254 645 segnities
278 569 399 645 capitis,
423 570 556 648 gravitas
581 589 705 630 onerosa
728 570 862 630 ciborum

111 659 249 718 exactiva
272 659 366 718 fames
389 661 536 719 stomachi
559 679 651 735 quam
673 662 801 720 suscitat
824 662 917 738 algor.

184 747 296 808 Urinae
319 749 419 808 tenuis
443 748 612 809 substantia
635 751 728 809 cruda
751 751 861 824 colore,

109 837 230 896 ventosi
251 838 399 897 stomachi
421 837 515 914 dolor,
537 838 699 916 indigestio
722 858 826 898 renum

110 927 143 982 et
166 943 256 985 coxae
279 927 425 1005 gravitas,
448 927 576 988 motivos
600 930 704 1003 torpor
727 929 765 986 ad
789 931 885 1003 actua,

62 1037 89 1075 aa
110 1013 151 1072 ad
173 1015 294 1090 pulsum
316 1016 440 1076 tardans
463 1036 607 1076 venarum
629 1018 735 1092 motio,
758 1018 852 1076 fallax

109 1105 235 1164 affectus
259 1106 405 1165 stomachi
429 1125 517 1182 quem
541 1107 629 1165 noxia
654 1106 738 1166 ducit
759 1108 789 1165 in
815 1109 915 1166 actum

109 1193 276 1271 frigiditas,
300 1196 453 1254 stomacho
477 1196 635 1255 dominans
658 1196 836 1255 intrinsecus
861 1196 945 1274 algor

108 1283 274 1357 sensibilis,
298 1284 383 1343 crudi
404 1287 521 1360 ructus,
544 1286 633 1344 urina
656 1285 778 1363 globosa

107 1373 250 1448 inferius,
272 1373 389 1450 pallens
412 1374 517 1449 facies,
541 1376 708 1434 extrinseca
731 1375 851 1434 laedens

62 1484 89 1522 so
107 1462 276 1540 frigiditas,
299 1482 398 1523 escam
420 1463 565 1523 comitans
589 1463 706 1523 inflatio
729 1465 842 1524 ventris

107 1553 202 1628 longa
224 1571 361 1625 manens,
383 1553 473 1612 vitrei
496 1553 558 1612 vim
581 1554 769 1631 flegmatis
792 1555 852 1613 ista
875 1555 1014 1631 figurant.

182 1640 333 1722 Uberioris
356 1641 470 1702 habent
491 1643 564 1702 haec
587 1644 695 1701 nuntia
719 1643 908 1720 sanguinis
932 1661 994 1702 esso

107 1749 187 1788 vena
209 1732 340 1804 tumens,
363 1731 450 1789 velox
472 1732 576 1808 pulsus
601 1752 690 1809 quem
712 1732 819 1792 fortior
841 1733 918 1792 ictus

108 1819 226 1878 inducit
247 1839 316 1878 raro
339 1822 474 1896 veniere,
499 1823 551 1896 qui
573 1822 707 1881 molliter
729 1822 844 1882 instans

61 1928 87 1966 es
106 1908 265 1968 blanditur
288 1908 405 1986 digitis,
428 1910 610 1988 pinguedine
634 1912 731 1987 spissa
754 1913 851 1970 colore

108 1997 218 2056 citrino
240 1998 368 2058 rutilans
392 1999 492 2074 urina,
514 1999 607 2059 rubor
630 2000 731 2074 faciei,

107 2089 176 2146 faex
199 2087 347 2146 stomachi
369 2088 464 2148 fetore
487 2090 601 2167 gravis,
627 2089 751 2149 dulcedo
775 2089 910 2165 palatum

107 2177 274 2252 delectans,
297 2177 405 2236 frontis
429 2178 577 2256 gravitas,
600 2177 729 2237 fecunda
751 2177 858 2238 rubore

106 2285 185 2326 vena
209 2267 299 2340 oculi,
323 2266 425 2326 crebro
448 2267 553 2343 facies,
576 2266 745 2327 rubicunda
768 2286 887 2344 sopores

61 2373 87 2411 vo
107 2375 234 2432 corpora
257 2359 490 2416 commemorant
513 2359 544 2416 et
565 2359 686 2436 fulgura
709 2358 788 2416 falsa
809 2358 948 2434 figurant.

180 2443 220 2505 Os
243 2445 352 2519 livenS,
376 2465 444 2505 acer
466 2465 568 2522 sapor,
590 2447 764 2524 indigestiO,
788 2446 905 2522 pondus

179 2605 213 2652 48
232 2601 342 2652 rutatus
361 2616 388 2652 m
407 2601 414 2667 Η
434 2604 468 2651 50
486 2600 624 2653 honerosa
643 2618 669 2653 m
1144 2636 1150 2644 -

179 2675 212 2723 52
231 2672 306 2725 rubr.
321 2669 405 2724 vitrei
427 2669 568 2739 flegmatis
592 2671 673 2740 signa
697 2670 763 2724 XIII
786 2688 812 2724 m
833 2670 842 2742 Η
868 2675 901 2721 53
920 2670 1051 2722 ventosus
1070 2687 1096 2722 m
1114 2668 1124 2740 11

106 2748 140 2796 56
161 2758 258 2810 quem:
279 2747 336 2810 qua
355 2743 413 2811 (sic)
432 2759 459 2796 m

179 2819 212 2868 62
230 2815 304 2870 rubr.
329 2811 520 2866 habundantia
549 2813 693 2883 sanguinis
725 2813 805 2882 signa
830 2811 855 2864 X
883 2831 917 2866 m.
966 2813 1000 2879 cf.
1026 2813 1066 2864 Ic.
1090 2812 1123 2866 dc

105 2886 133 2939 S.
146 2886 239 2940 Paulo
257 2887 289 2939 55
307 2885 443 2940 breviario
461 2885 494 2951 (f.
506 2889 570 2947 118)
589 2887 621 2939 iu
635 2887 757 2953 proemio
777 2885 840 2938 libri
855 2885 876 2937 I
890 2881 920 2937 Si
941 2882 1054 2952 sanguis
1074 2883 1122 2935 ha-

105 2955 222 3022 bundet,
240 2971 310 3011 vene
325 2957 390 3010 sunt
403 2955 494 3024 plene,
513 2954 610 3024 pulsus
625 2973 743 3026 magnus
757 2954 838 3009 velox
852 2956 880 3008 55
894 2954 983 3022 fortis,
1003 2953 1122 3008 dulcedo

105 3028 170 3095 oris,
189 3027 220 3080 in
239 3027 362 3097 sompnis
381 3025 468 3080 rubea
484 3029 623 3096 apparent
642 3029 718 3081 etex
733 3026 835 3096 quibus
855 3027 949 3080 anima
963 3025 1121 3092 letificatur‚

103 3099 186 3152 urina
200 3097 287 3154 rubea
301 3101 330 3153 et
344 3099 443 3168 spissa.
472 3098 549 3152 dieta
563 3100 715 3168 precedens
728 3098 822 3153 calida
836 3100 865 3152 et
878 3097 1002 3151 humida.
1035 3097 1121 3166 regio,

104 3174 178 3237 ctae,
200 3172 313 3240 tempus
337 3170 404 3224 anni
422 3172 451 3224 et
470 3170 622 3238 complexis
642 3172 666 3224 si
684 3171 714 3224 in
732 3170 808 3224 idem
828 3169 1006 3235 conveniant,
1030 3167 1120 3238 magis

105 3241 301 3296 certificabunt
318 3242 328 3315 ll
347 3247 380 3297 66
396 3257 491 3309 quem:
507 3241 554 3309 qd’
570 3242 665 3311 (quod)
680 3260 714 3297 m.
748 3243 782 3308 cs.
798 3260 821 3296 5.
832 3245 868 3296 83
885 3240 895 3312 ll
915 3246 947 3293 66
961 3240 1055 3293 urina:
1075 3246 1121 3292 nfi

104 3315 156 3381 (oet
169 3314 224 3381 u'ri)
239 3332 266 3368 m
280 3316 371 3384 (quusi
387 3311 494 3381 nost1i).
528 3313 562 3380 cf.
577 3313 659 3366 urina
677 3313 765 3366 rubea
779 3315 807 3367 et
822 3312 911 3380 spissa
925 3313 966 3366 Io.
981 3312 1014 3365 de
1028 3311 1055 3365 S.
1064 3312 1097 3365 P.
1111 3311 1121 3382 ll

104 3389 137 3438 69
161 3385 262 3440 facies:
286 3385 342 3440 faci
362 3383 398 3438 ui
421 3403 447 3439 m
467 3384 512 3454 (cf.
528 3385 615 3440 Schol.
630 3385 688 3439 Sol.
702 3386 819 3452 51956)
846 3383 849 3454 l
875 3398 1000 3450 sopores:
1020 3381 1074 3434 -ris
1094 3399 1120 3435 m

104 3457 149 3524 (cf.
165 3455 455 3512 Schol.Sol.o.1958.
488 3455 518 3508 in
533 3455 657 3524 sompnis
675 3453 763 3508 rubea
777 3454 915 3524 apparent
929 3454 969 3507 lo.
985 3453 1018 3504 dc
1031 3451 1058 3506 S.
1074 3453 1118 3518 P.)

176 3533 208 3580 ‘11
227 3527 301 3584 rubr.
322 3526 487 3582 Molancolie
506 3526 696 3579 habundantis
716 3527 796 3595 signa
819 3525 879 3578 sine
902 3522 979 3576 febre
997 3520 1075 3574 XllII
1092 3539 1117 3576 m
