2604 3900
534 161 702 218 VIATIOUS

114 312 242 372 ariditas
264 314 401 373 inmensa
422 314 514 374 maris
539 315 565 373 si
588 313 722 394 germina
744 315 846 374 tardat

50 421 94 461 999
112 405 254 477 natiuae,
277 402 321 463 sic
341 404 521 480 percipitur,
544 405 652 477 macie,
675 404 821 464 brevitate

113 493 274 569 spermatis
297 495 328 550 et
350 492 432 552 visco
455 492 553 567 teum,
576 493 613 551 de
637 494 783 571 sanguine
806 494 888 553 faece

113 580 232 640 educta.
278 582 304 640 si
327 580 479 658 frigiditas
502 582 635 642 sterilem
658 583 733 642 facit
756 601 862 660 agrum

112 672 253 745 naturae,
277 668 415 730 stimulat
432 671 521 749 pigra
544 671 702 731 delectatio
725 691 810 732 rencs

112 759 147 817 in
171 779 319 832 venerem,
342 759 437 835 pallet
459 760 550 820 facies
574 764 605 820 et
628 761 742 820 detinet
765 765 848 820 artus

50 866 95 906 nes
113 847 270 925 segnities,
294 847 376 907 albet
397 850 494 908 urina.
539 849 612 909 fides
634 849 763 910 stabiliri

113 936 267 997 instabilis
289 937 414 1013 poterit,
438 939 464 997 si
486 937 549 998 sint
571 938 628 998 tibi
651 938 738 1017 signa
761 938 873 1013 diaeta,

114 1029 199 1086 aetas
223 1030 314 1104 atque
337 1027 421 1086 locus
444 1028 578 1101 varians,
602 1027 780 1103 complexio,
803 1046 918 1104 corpus.

187 1115 390 1175 Artcticam
412 1119 536 1195 generat
558 1120 684 1176 naturae
707 1117 815 1176 noxius
837 1117 957 1192 humor,

116 1223 177 1281 quo
199 1205 283 1281 pedis
306 1205 424 1266 inducit
445 1206 615 1266 substantia
637 1207 720 1266 laesa
744 1206 918 1284 podagram.

51 1313 98 1353 nso
115 1296 250 1354 nascitur
271 1294 304 1353 in
326 1295 465 1355 manibus
488 1295 601 1356 nodosa
624 1297 750 1374 ciragra.
797 1297 928 1355 sciarum

114 1384 198 1443 laesa
219 1385 360 1444 iunctura
381 1385 417 1444 fit
438 1404 517 1460 pena
539 1386 663 1445 sciatica
685 1385 769 1443 dura.

115 1477 254 1550 procreat
275 1475 353 1534 hanc
375 1493 485 1550 penam
508 1475 648 1551 crapulae
672 1474 757 1552 gula,
780 1491 885 1552 grossa
908 1473 1021 1549 diaeta,

115 1566 186 1638 post
208 1581 306 1622 escam
329 1564 483 1623 stomacho
507 1565 617 1624 satiato
641 1581 737 1640 prona
760 1564 901 1623 voluutas

116 1653 148 1710 in
171 1671 316 1712 venerem.
361 1654 388 1712 si
411 1654 593 1730 sanguineus
615 1653 795 1713 discriminis
818 1653 925 1712 humor

51 1758 99 1797 nes
117 1760 207 1801 eausa
230 1743 270 1801 sit
292 1741 393 1817 istius,
417 1742 508 1802 rubor
530 1745 560 1800 et
582 1746 684 1802 tumor
707 1746 738 1801 et
760 1760 829 1801 caro
852 1743 951 1802 mollis

117 1831 254 1891 inlaeso
278 1833 340 1891 sint
362 1831 450 1910 sigua
471 1831 550 1905 loco,
573 1832 753 1908 complexio,
776 1851 853 1890 vena

117 1923 302 1999 turgescens,
326 1921 424 1979 maior
446 1921 561 1980 vernali
583 1923 716 1997 tempore
739 1940 830 1996 pena,

118 2010 239 2088 pinguis
262 2012 293 2068 et
314 2011 433 2069 intensa
454 2011 560 2069 iecoris
582 2011 664 2084 faex,
687 2013 778 2085 atquc
802 2001 902 2068 diaeta

119 2102 172 2158 aut
194 2100 277 2158 aetas
300 2099 399 2174 prima
421 2100 533 2175 poterit
554 2098 611 2158 tibi
633 2117 769 2174 promere
792 2098 887 2175 signa.

53 2204 101 2245 1999
118 2187 145 2247 si
166 2189 280 2246 colerae
303 2188 389 2247 furor
409 2187 544 2262 insistat,
566 2191 667 2247 tumor
690 2187 895 2262 abbreviatur,

118 2280 216 2356 aestas
240 2280 417 2355 augmentat
438 2295 543 2353 penas,
567 2296 729 2353 croceoque
751 2276 909 2342 rubescens

116 2366 261 2426 inferatus
285 2367 366 2426 color
389 2371 471 2426 artus
493 2367 602 2442 inficit,
627 2369 657 2426 et
679 2365 854 2426 stimulatur

117 2459 267 2531 punctura
289 2457 455 2515 membrum
478 2457 609 2532 patiens,
631 2458 721 2516 urina
743 2457 874 2516 colorem

118 2545 183 2604 auri
205 2545 352 2604 mentitur
372 2547 484 2620 tenum,
507 2565 587 2606 nunc
610 2546 681 2605 eicit
703 2563 777 2605 anus

51 2648 100 2689 1999
116 2636 276 2694 materiam
300 2634 439 2709 similem,
463 2635 578 2694 vomito
602 2653 680 2693 nunc
703 2635 806 2695 fundit
828 2633 952 2694 eandem

190 2864 260 2913 1784
279 2875 378 2914 venere
397 2847 487 2928 (acub)
507 2861 523 2912 b
540 2857 550 2929 d
569 2863 638 2912 1785
659 2858 787 2912 stabilire
806 2859 822 2911 b

191 2935 261 2985 1788
279 2931 354 2985 rubr.
365 2929 406 2984 De
417 2929 556 2984 ariethica
568 2931 592 2984 b.
616 2931 809 2999 sequitwrpoct
817 2929 942 2983 manicis
950 2929 1136 2999 aspritudincs

116 3004 234 3058 sciatica
246 3003 319 3057 sicat
333 3002 410 3070 opud
424 3001 597 3056 Plateariwm
611 3005 650 3068 (et
667 3002 744 3070 aptcd
758 3001 970 3056 Constantinam
985 3002 1018 3055 bn
1035 3001 1136 3055 viatim

116 3077 207 3141 6,18)
230 3072 240 3144 ll
261 3077 329 3127 1790
353 3073 474 3127 scissum
490 3099 517 3118 =
534 3088 666 3126 coxarum
684 3073 749 3140 10.):
772 3072 808 3137 cf.
828 3071 924 3126 Simon
945 3089 966 3126 s.
987 3071 1046 3126 scia
1069 3071 1136 3126 inde

116 3145 238 3200 sciatica
265 3161 319 3212 que
349 3160 432 3213 grece
457 3143 562 3197 dicitur
586 3144 677 3198 ischia
703 3146 732 3197 et
756 3141 886 3196 ischiasis
909 3144 978 3212 (sic).
1019 3143 1050 3196 in
1077 3143 1136 3196 scia

116 3215 237 3272 sciatica
251 3217 334 3282 Plat,
353 3215 470 3270 sciatica
489 3215 593 3269 dicitur
609 3214 666 3270 scie
684 3215 778 3283 passio
792 3215 834 3268 Io.
852 3212 863 3286 11
883 3215 1009 3268 1798918
1027 3213 1136 3267 saciata

117 3326 178 3394 (999)
198 3323 214 3376 9
243 3323 246 3394 y
270 3328 339 3376 1991
358 3300 503 3376 arsimus
525 3320 535 3393 11
558 3326 627 3375 1199
647 3321 751 3389 prima:
770 3321 807 3386 cf.
825 3320 928 3374 ultima
947 3325 1017 3375 1810
1038 3320 1041 3392 1
1062 3320 1137 3389 posit

118 3397 178 3463 (sic)
198 3393 234 3478 b]
260 3399 328 3478 1801
347 3393 510 3475 rubescens:
529 3391 624 3475 rub'at
642 3391 762 3461 (rubeat)
782 3393 806 3475 b.
840 3393 875 3458 ef.
895 3393 970 3475 Plat.
989 3407 1024 3445 ex
1044 3391 1136 3446 991919

118 3465 206 3520 1111199
225 3467 343 3520 mmrxto
362 3464 650 3532 919999(9111111919.)
669 3462 679 3534 ΙΙ
698 3467 767 3517 1808
787 3463 900 3517 11191919
919 3465 978 3530 (aas)
998 3463 1075 3516 calor
1093 3463 1109 3518 b
1127 3463 1137 3533 ΙΙ

119 3541 190 3591 1806
209 3537 356 3590 materiam
376 3535 494 3589 similem
515 3533 612 3602 (lil’em
631 3534 656 3599 b)
675 3533 865 3589 satiatorum
883 3533 979 3602 (Plat.)
