2584 3900
172 149 216 212 20
624 147 737 202 EGIDII

173 294 285 355 visibus
308 300 475 356 occurrunt.
512 299 580 373 plus
603 299 676 357 14444
698 301 886 361 incommode
908 305 1000 363 sentit

172 385 243 442 dum
266 387 357 462 ceput
378 385 505 445 inclinat
527 389 645 462 patiens
668 389 716 447 vel
737 389 770 446 in
793 389 888 449 ardua
910 392 978 469 figit

171 475 317 532 intuitum
341 476 389 533 vel
412 494 479 534 cum
503 475 602 536 radios
624 478 805 538 transmittit
826 480 858 537 in
882 499 1000 540 amnem

172 564 367 640 praecipitem
389 564 438 623 vel
461 565 616 624 succinctis
639 565 671 623 in
695 567 788 625 ardua
811 571 929 628 scandit

113 675 154 713 444
172 652 318 730 passibus.
355 653 488 712 Includit
510 655 681 714 stomachus
705 655 883 733 quandoque
905 660 1042 719 nocivam

172 742 331 800 4444441444
353 761 407 802 nac
431 743 586 804 continuat
609 747 753 808 4444444414
776 745 921 824 dolorem,

171 831 296 892 infestat
317 833 513 892 stomachum.
527 834 660 910 gravitas
685 838 815 910 4444444,
838 836 932 895 144441

171 921 235 980 11114
257 921 415 980 materiam
438 922 566 1000 digestio
588 923 670 982 laesa
692 923 814 982 1444444.

173 1029 263 1088 aegra
286 1012 378 1086 caput
401 1012 427 1070 si
449 1030 540 1070 44444
562 1013 670 1087 replet,
693 1012 835 1073 desistere
858 1016 953 1073 nescit

114 1121 154 1160 444
171 1100 285 1176 passio,
309 1099 361 1158 scd
384 1118 499 1177 semper
522 1101 577 1160 sub
601 1100 703 1160 eodem
725 1101 785 1162 fixa
806 1106 909 1162 tenore

172 1190 328 1248 continuat
350 1208 459 1265 penam
482 1191 647 1266 capitisque
672 1192 782 1252 offensa
804 1191 954 1252 redundat

171 1280 203 1337 in
227 1297 343 1352 sensus,
367 1280 474 1354 capitis
499 1278 583 1338 dolor
605 1281 711 1358 ingens
733 1282 829 1340 instat
852 1282 967 1342 4411114

171 1366 273 1426 innuit
293 1366 409 1426 includi
431 1387 549 1441 causas,
573 1387 647 1445 quas
670 1371 775 1429 noxius
798 1371 905 1430 humor

173 1459 312 1516 44444444,
349 1456 406 1515 4141
429 1456 575 1517 describet
597 1459 760 1535 complexio
784 1461 902 1537 tempus

114 1545 447 1606 44444444414414444
470 1547 576 1623 pulsus
599 1547 703 1607 effusio
727 1549 828 1608 vultus

172 1635 227 1694 hoc
251 1634 460 1694 detrimentum
484 1638 622 1711 natusne,
645 1639 777 1713 parturit
799 1656 882 1697 escae

172 1724 326 1802 grossities
349 1725 473 1800 crapula
496 1724 622 1802 digestio
645 1727 727 1786 14444
749 1728 855 1786 nocivo

172 1831 243 1872 casu
267 1812 418 1873 dediscens
442 1832 496 1872 sua
518 1815 701 1890 respiracula
724 1817 853 1894 sanguis,

245 1903 278 1961 Si
301 1903 404 1962 dolor
425 1903 606 1962 infestans
630 1906 752 1964 444144
777 1925 812 1964 ex
835 1907 980 1983 sanguine
1005 1907 1099 1966 sumit

114 2011 154 2051 444
173 1993 367 2070 principium,
389 1993 546 2052 vehemens
570 1995 615 2052 444
638 1995 751 2069 passio,
774 1995 888 2054 rivulus
912 2013 965 2053 ora

171 2082 282 2141 isserat
303 2082 448 2158 lacrimis,
472 2100 547 2159 quas
570 2082 731 2142 inmutatio
754 2083 862 2143 mentis

172 2191 233 2229 non
256 2173 379 2246 promit,
403 2171 454 2230 sed
476 2173 621 2229 materiae
644 2175 754 2231 nature
776 2173 905 2233 fluentis.

174 2279 206 2319 os
229 2259 321 2319 rubor
344 2260 492 2319 4441441144
515 2260 621 2332 444114,
645 2262 768 2337 expulsa
790 2263 930 2321 tumescit

174 2349 330 2425 palpebra,
353 2351 530 2426 turgescunt
553 2369 659 2424 venae,
682 2349 838 2410 dulcedine
861 2353 967 2428 gustus

115 2458 155 2496 444
172 2438 311 2496 inficitur.
348 2438 444 2496 morbi
467 2457 558 2513 penas
582 2442 737 2515 exasperat
759 2440 833 2499 14444

173 2529 341 2605 sanguinis,
363 2527 395 2584 in
418 2529 524 2605 pingui
548 2528 628 2586 color
650 2529 713 2587 edit
734 2529 822 2607 aigne
845 2529 951 2587 4414414

172 2617 273 2690 44144,
296 2616 399 2691 pulsus
423 2616 522 2674 mollis
546 2617 624 2675 citus
646 2619 821 2694 inpetuosus

245 2773 297 2824 436
312 2771 461 2824 444444444
477 2787 516 2824 m:
532 2769 586 2821 -rit
601 2770 616 2822 4
634 2769 644 2842 ΙΙ
662 2774 713 2822 437
730 2770 796 2822 dum
811 2789 849 2824 m:
870 2771 963 2824 cumb
981 2769 991 2842 ll
1009 2775 1061 2824 438
1081 2774 1143 2825 mne
1158 2769 1182 2820 b:

172 2846 267 2893 ienem
289 2859 317 2896 m
343 2841 353 2912 ΙΙ
380 2846 431 2895 439
450 2839 506 2896 441;
525 2840 570 2894 vel
594 2856 657 2893 cum
676 2844 734 2909 (cu,
752 2845 779 2908 4)
800 2842 844 2896 444
867 2845 871 2910 Ι
894 2841 1052 2895 4444144444
1072 2841 1134 2911 (49)
1156 2839 1183 2890 14

174 2911 263 2964 ardua
278 2913 301 2978 b,
316 2913 466 2967 succinctis
481 2911 686 2984 441444411441
703 2913 859 2966 4444444414
872 2913 916 2967 444
931 2911 941 2985 ll
958 2918 1010 2966 444
1026 2913 1125 2966 444444
1137 2928 1163 2965 m
1175 2909 1183 2978 ll

173 2987 226 3035 444
244 2984 318 3038 rubr.
335 2983 422 3053 Signa
441 2984 599 3038 cimeteria
618 2983 772 3038 scothomie
791 2983 828 3036 sit
847 2984 877 3037 in
896 2983 1008 3038 cerebro
1024 2986 1040 3038 4
1055 2977 1183 3052 (44444111

173 3058 225 3107 446
245 3070 333 3123 penes
352 3056 405 3127 4411
426 3062 477 3109 444
498 3056 600 3125 capitis
620 3058 719 3126 (capus)
740 3056 767 3109 b:
788 3056 873 3123 capta
892 3055 1182 3127 4114481414411444

173 3144 206 3230 <fs
225 3163 253 3216 b:
272 3160 429 3215 icludicans
452 3161 515 3230 quis
533 3181 560 3216 44
581 3161 591 3234 ΙΙ
613 3167 665 3216 449
685 3162 817 3216 ostendat
834 3179 861 3215 m
882 3164 886 3231 Ι
907 3160 1041 3215 describit
1065 3163 1080 3216 4
1103 3160 1181 3233 11443

173 3233 347 3302 respiracula
371 3251 410 3287 m:
435 3233 615 3302 receptacula
641 3234 656 3286 4
682 3233 716 3299 cf.
739 3235 771 3287 de
795 3251 838 3288 44.
860 3237 914 3288 306
939 3248 990 3286 444
1015 3229 1182 3301 respiracula

174 3305 265 3360 nascit
283 3323 344 3360 cum
362 3306 537 3370 4444414444
557 3308 610 3360 592
1174 3370 1178 3379 ¹

245 3383 297 3432 444
315 3378 390 3433 mbr.
410 3374 498 3446 Signa
521 3376 545 3428 41
569 3375 648 3430 dolor
670 3373 814 3428 oculorum
838 3377 875 3430 414
895 3391 930 3430 ex
948 3375 1085 3446 sanguine
1104 3378 1132 3442 b,
1154 3371 1180 3423 Sl

174 3449 327 3503 scothomic
346 3463 432 3502 44444
450 3448 488 3502 414
507 3446 621 3516 senguis
638 3464 666 3501 m
683 3445 693 3518 ll
711 3452 762 3500 444
781 3445 826 3499 No
846 3448 873 3502 b:
892 3447 967 3502 Nam
985 3466 1012 3502 m
1030 3447 1040 3520 ll
1058 3452 1109 3502 449
1127 3447 1182 3498 sur-
1266 3503 1267 3506 ,

173 3521 263 3591 gescit
281 3539 308 3576 m
327 3522 402 3590 (-4ι“44
420 3520 446 3589 4)
464 3519 475 3592 Η
493 3525 544 3572 461
565 3519 641 3572 44144
655 3559 662 3572 .
674 3561 697 3572 ..
713 3517 800 3573 441441
819 3520 835 3572 4
1186 3527 1188 3534 ·
