2604 3900
183 158 226 222 ω
635 153 750 209 affl

183 305 315 366 ostendit
336 307 476 380 mortem,
499 305 629 365 furimus
652 305 685 364 in
708 306 834 366 artabus
857 305 947 366 ardor

182 394 354 473 praetendit
375 395 490 454 fervore
512 415 633 473 rogum,
656 395 825 472 minuitque
848 395 999 473 loquelam

112 500 165 540 ears
184 484 308 544 ariditas
331 484 463 562 linguae.
499 485 604 561 pulsus
627 484 770 544 velociter
792 485 889 544 instat

184 574 237 651 qui
259 573 388 651 digitum
411 573 494 632 duris
518 573 594 633 solet
616 574 759 634 infestare
781 574 918 652 flagellis.

183 682 237 741 per
258 661 304 722 bis
327 665 374 722 ter
397 663 488 722 denas
510 663 546 721 fit
567 681 646 738 pena
668 663 823 722 molestior
844 664 949 738 horas,

183 752 229 811 bis
253 752 331 812 senis
354 751 495 812 residens.
531 751 633 811 divino
656 771 777 811 munere
799 755 933 827 tentum,

183 861 244 900 non
266 840 387 915 medici,
409 841 538 919 gaudere
560 845 662 918 potest
683 845 794 900 natura
816 842 978 918 triumpho.

113 946 167 986 essa
255 930 416 990 Naturae
440 949 499 990 rus
523 931 707 990 excultum
730 932 756 990 si
778 931 876 1008 primo
899 931 1049 991 novellam

184 1019 317 1097 pullulat
338 1021 371 1078 in
393 1038 519 1079 messem
543 1021 720 1095 spondens
745 1022 938 1098 augmenta
960 1020 1086 1079 futura

184 1110 338 1168 humano
361 1109 498 1186 generi,
521 1110 565 1168 sic
588 1109 704 1188 collige.
740 1113 894 1168 menstrua
918 1111 1047 1184 cessant,

184 1197 276 1257 ubera
299 1200 488 1275 turgescunt,
511 1198 603 1257 variis
626 1198 781 1258 affectibus
805 1217 886 1259 escas

185 1287 319 1363 exposcit
341 1288 527 1361 stomachus,
550 1287 682 1347 succedit
704 1306 829 1363 nausea,
852 1291 953 1365 torpet

114 1391 166 1431 sesa
185 1377 273 1454 pigre
296 1395 402 1450 venus,
424 1376 534 1435 matrix
557 1379 645 1453 quasi
668 1396 776 1456 sugens
800 1377 904 1436 clausa
926 1376 1044 1436 virilem

186 1467 367 1543 constringit
389 1465 519 1543 virgam,
542 1485 684 1526 coxarum
706 1467 837 1542 pondere
859 1468 958 1525 motus

185 1554 301 1615 tardior
323 1557 369 1613 est
391 1556 494 1631 solito,
518 1555 677 1616 conturbat
698 1557 790 1616 tortio
814 1558 956 1615 ventrem.

185 1643 301 1722 pigrior
324 1647 459 1720 aspectus
484 1645 638 1704 oculorum
661 1645 791 1705 motibus
815 1644 901 1704 addit

186 1733 382 1810 tranquillam
404 1733 550 1809 requiem,
574 1753 700 1811 quorum
723 1753 802 1793 nova
825 1735 970 1794 concavat
992 1732 1078 1792 orbes

186 1942 1281 2028 mmmmmwwmmmml

186 2030 314 2100 linguam
332 2031 351 2084 d
370 2033 406 2098 (1).
444 2030 479 2096 cf.
495 2030 568 2083 Plat.
589 2030 632 2098 (de
649 2031 762 2096 maiore)
785 2029 868 2082 urina
891 2044 926 2081 ex
949 2028 1099 2082 adustione
1122 2028 1205 2082 modo

186 2101 285 2155 viridis
308 2101 391 2155 modo
415 2101 497 2170 nigra
520 2103 647 2168 apparet.
685 2101 769 2170 Epic.
788 2101 821 2154 de
842 2117 885 2154 ur.
898 2103 954 2155 206
976 2100 1112 2154 maiorem
1137 2101 1204 2169 (ecit.

188 2173 369 2240 emitriteum)
453 2171 574 2240 denique
599 2174 719 2226 mortem
741 2171 850 2226 indicat
871 2171 955 2224 urina
977 2171 1090 2240 prasino
1114 2171 1205 2224 tincta

188 2243 280 2298 colore
300 2245 430 2312 (11621
454 2244 561 2312 nigrior
582 2243 681 2297 urinae
705 2243 858 2298 facies
878 2244 998 2296 mortem
1017 2242 1175 2312 portendit)
1196 2240 1205 2312 ll

189 2319 258 2368 2313
283 2315 407 2368 ostendit
433 2315 575 2368 modicum
603 2313 711 2368 febrilis
739 2315 757 2368 1.
775 2331 800 2367 a.
820 2330 845 2368 a.
869 2314 898 2380 b,
926 2312 1057 2380 offendit,
1085 2316 1204 2367 mortem

188 2387 310 2440 furiosus
333 2386 352 2438 i.
369 2403 393 2439 a.
411 2402 436 2439 a.
460 2387 479 2440 d
501 2386 511 2458 l}
533 2390 603 2439 2314
626 2386 739 2455 ptendit
761 2386 797 2440 bd
822 2386 825 2456 Ι
851 2385 958 2439 fervore
981 2401 1081 2454 rogum
1104 2391 1152 2440 etc.
1177 2385 1203 2438 b:

188 2458 295 2511 fervore
314 2459 401 2526 negat
419 2457 562 2526 nimioque
581 2456 734 2525 loquellam
754 2457 774 2509 d
795 2456 805 2528 ll
828 2461 897 2510 2313
916 2455 994 2510 duris
1013 2457 1042 2510 b:
1066 2455 1136 2510 diris
1155 2456 1175 2508 d
1195 2455 1198 2526 l

189 2535 259 2583 2318
285 2529 319 2595 cf.
339 2530 412 2583 Plat.
438 2528 601 2582 Notandum
627 2529 702 2596 quod
792 2531 865 2582 teste
890 2525 1009 2582 Galienc
1035 2529 1102 2595 (scit.
1128 2545 1147 2581 a

191 2601 287 2670 Garip.
304 2606 329 2667 6,
344 2603 370 2670 4)
386 2600 481 2654 divino
495 2600 589 2669 potius
604 2616 688 2668 quam
705 2599 828 2652 humano
848 2601 962 2653 curatur
981 2597 1087 2652 auxilio
1105 2598 1116 2671 ll
1135 2601 1203 2651 2319

188 2673 232 2726 liic
250 2674 373 2740 sequitur
394 2674 425 2727 iu
443 2672 463 2726 d
482 2673 635 2739 capitulum
653 2674 791 2738 (casuum
808 2674 857 2737 23)
878 2671 960 2726 uasa.
980 2669 1097 2740 Signum
1117 2668 1203 2723 febris

188 2742 389 2812 pestilentialis
413 2744 484 2811 quod
506 2744 631 2811 spurium
654 2743 763 2798 uidetur
785 2749 811 2798 et
832 2743 1027 2811 interpolatum
1045 2742 1081 2796 ab
1099 2741 1203 2811 Epidio

189 2821 299 2868 auctore
317 2815 439 2868 alienum
457 2830 506 2868 uec
524 2820 600 2868 extat
617 2816 648 2868 iu
667 2815 682 2868 b
702 2814 798 2881 (Plat,
817 2815 871 2881 Io.)

261 2889 331 2938 2320
351 2886 425 2940 rubr.
449 2885 491 2938 De
514 2884 602 2953 signis
625 2885 656 2938 in
678 2885 875 2954 pregnecionis
898 2884 923 2951 b,
945 2884 987 2938 De
1011 2883 1099 2955 signis
1122 2898 1203 2952 preg-

189 2955 284 3009 nantis
309 2956 335 3009 d.
379 2957 428 3010 hoe
452 2957 604 3024 capitulum
631 2958 774 3024 manifeste
797 2957 971 3025 Epidiauum
996 2955 1127 3025 quomado
1151 2955 1203 3007 huc

187 3027 277 3093 faeiat
302 3027 416 3081 dubites.
456 3028 503 3082 sed
527 3045 588 3082 cum
614 3029 756 3082 autecedat
779 3027 814 3082 de
840 3026 989 3081 sterilitate
1015 3031 1202 3097 arpeuueutum

189 3100 280 3167 (1133)
304 3104 385 3166 atque
402 3099 484 3153 etium
502 3101 621 3154 Icauues
643 3101 675 3153 ta
693 3100 827 3154 breviario
844 3099 996 3154 eubdidaa't
1015 3098 1137 3166 capitulo
1154 3095 1202 3148 ‘de

190 3169 354 3224 sterilitate’
373 3177 457 3238 eaput
474 3170 522 3225 ‘de
541 3168 759 3241 pregnantibus’
778 3170 908 3239 aliudque
932 3170 970 3225 ad
991 3170 1115 3224 matricis
1132 3175 1202 3223 true·

190 3247 278 3296 tatuua
293 3242 440 3311 pertineas.
461 3242 505 3296 ‘de
520 3240 643 3308 aborsu',
663 3242 803 3296 addiderit
816 3243 898 3296 etiam
912 3241 947 3296 de
961 3239 1104 3307 mamillis,
1121 3239 1202 3307 facile

189 3313 335 3380 suspiceris
362 3314 494 3367 carminis
519 3313 658 3382 Epidicus?
685 3319 748 3367 aute
775 3313 910 3382 epilogum
934 3328 1117 3382 praepropere
1139 3310 1202 3365 eub-

190 3385 314 3438 tuuctum
332 3385 456 3452 capitula
475 3385 609 3451 quaedam
632 3385 775 3450 eccidisse,
797 3391 934 3439 servatura
956 3391 1047 3440 uuum
1069 3387 1151 3452 caput
1170 3381 1202 3434 de

188 3455 389 3523 prepuautibue
406 3471 425 3508 a
448 3456 505 3508 loco
523 3471 572 3508 esto
594 3457 706 3523 proprio
723 3456 889 3526 aepliqeuter
906 3457 960 3510 tue
977 3456 1098 3510 delatum
1120 3469 1172 3508 esse
1192 3449 1202 3522 ll

192 3529 261 3577 2325
281 3541 382 3594 sugens
401 3527 450 3594 (sie
468 3526 493 3593 b)
512 3526 596 3579 arad
