2604 3900
309 719 667 803 BREVIARIUS
697 721 984 804 IOHANNIS
1098 785 1100 788 -

361 881 438 963 DE
472 880 694 963 SANOTO
724 881 930 964 PAULO.

240 1052 348 1106 Tabula
367 1028 553 1123 capitulorum
574 1070 608 1108 ex
626 1055 687 1108 cod.
702 1053 795 1123 Ampl.
810 1073 856 1123 qu.
872 1059 923 1108 207
944 1055 972 1125 (f.
983 1057 1053 1124 118).

145 1303 152 1315 .
196 1231 324 1285 Assiduis
360 1232 546 1300 petitionibus
580 1249 625 1316 me
656 1233 716 1286 kim
748 1233 946 1306 compendiose
977 1231 1168 1316 morborum

122 1306 770 1442 tel:1ttl2²3..t.⁶ttt..t.:ffflll¹d
792 1305 923 1430 {sled
939 1304 1169 1445 bellete.

123 1446 227 1500 animo.
265 1446 443 1500 considerans
469 1446 562 1516 ipsum
586 1446 666 1501 vobis
692 1447 775 1500 simul
800 1450 829 1502 et
853 1447 974 1516 posteris
999 1447 1058 1501 fore
1084 1464 1168 1516 quam

121 1517 246 1571 maxime
272 1516 380 1572 utilem.
417 1518 546 1586 Exequar
568 1521 662 1572 autem
686 1517 808 1572 breviter
830 1519 911 1588 signa
934 1521 962 1572 et
985 1534 1083 1572 causas
1106 1535 1168 1588 pre-

121 1605 231 1658 ponens
255 1590 283 1642 et
306 1605 385 1642 curas
412 1588 559 1643 subiciens.
597 1590 717 1659 ideoque
743 1589 952 1644 breviarium
975 1589 1167 1644 intitulavi.

122 1660 268 1714 Dividitur
290 1663 384 1714 autem
407 1660 480 1715 liber
502 1661 556 1715 iste
578 1662 608 1714 in
626 1661 660 1715 V.
679 1661 840 1730 particulas.
878 1679 996 1730 quarum
1019 1660 1111 1730 prima
1134 1662 1169 1716 de

122 1731 213 1802 signis
241 1734 269 1785 et
297 1732 389 1785 causis
416 1734 445 1786 et
472 1733 546 1786 curis
574 1733 765 1802 egritudinum
792 1733 988 1788 universaliter
1016 1735 1168 1786 tractatum

122 1802 250 1857 continet
275 1805 304 1856 et
329 1803 364 1857 de
390 1803 573 1858 exterioribus
598 1803 776 1873 passionibus
805 1805 935 1873 corporis.
980 1804 1108 1858 Secunda
1133 1804 1169 1858 de

121 1873 301 1944 passionibus
320 1875 507 1928 animatorum
526 1875 713 1930 membrorum
733 1879 761 1930 et
780 1873 986 1944 spiritualium.
1015 1874 1110 1929 Tertia
1134 1875 1169 1930 de

121 1944 301 2015 passionibus
320 1946 517 2000 nutritivarum
536 1948 667 2016 partium.
701 1947 806 2012 Quarta
825 1947 860 2001 de
876 1946 980 2002 morbis
995 1946 1169 2016 generativo·

121 2016 397 2143 {ugr'bmembrorum
423 2020 451 2071 et
475 2019 532 2072 soie
554 2036 688 2072 manuum
712 2020 740 2072 et
762 2018 874 2087 pedum.
917 2018 1022 2083 Quinta
1044 2033 1109 2072 vero
1134 2018 1169 2073 de

137 2105 152 2143 e
173 2107 197 2142 rr
217 2106 258 2144 us.

482 2159 653 2230 (Capitula
676 2159 760 2215 libri
779 2160 811 2229 I.)

122 2266 166 2321 De
185 2265 362 2336 generalibus
382 2267 470 2336 signis
489 2270 518 2322 et
541 2268 634 2322 causis
662 2267 704 2320 De
723 2267 826 2324 fistula.

160 2337 360 2407 egritudinum.
663 2339 704 2393 De
722 2355 817 2392 morsu
838 2354 1039 2394 venenosorum
1063 2339 1168 2392 anima·

123 2408 166 2464 De
184 2409 363 2480 generalibus
383 2410 465 2464 curis.
698 2409 767 2463 lium
783 2411 811 2464 et
829 2411 963 2479 precipue
977 2411 1054 2465 canis
1068 2410 1168 2466 rabidi.

122 2481 168 2536 De
183 2480 320 2535 varietate
338 2482 489 2551 signorum.
662 2481 703 2535 De
726 2481 855 2536 incendio
878 2482 953 2552 ignis
977 2484 1006 2535 et
1028 2497 1101 2550 aque
1124 2498 1168 2536 ca·

122 2553 166 2607 De
181 2551 318 2608 varietate
335 2569 472 2607 curarum.
697 2552 762 2607 lide.

122 2624 166 2678 De
184 2624 409 2693 purgationibus.
438 2654 441 2660 ,
662 2623 703 2678 De
721 2624 842 2679 variolis.

123 2695 165 2749 De
184 2693 405 2749 collectionibus.
662 2695 704 2750 De
723 2696 824 2750 scabie.

124 2766 166 2821 De
185 2783 251 2822 cura
268 2765 473 2821 collectionum.
662 2767 704 2821 De
721 2765 867 2836 pediculis.

124 2838 166 2893 De
185 2855 252 2892 cura
271 2841 486 2906 apostematum.
662 2839 704 2892 De
722 2839 801 2907 lepra
820 2839 849 2892 et
867 2836 1016 2906 serpigine.

125 2910 166 2963 De
184 2908 347 2963 vulneribus
362 2911 391 2963 et
404 2908 589 2963 incisionibus
606 2912 635 2964 et
662 2910 704 2965 De
722 2909 857 2977 morphea
875 2911 904 2962 et
922 2908 1096 2979 impetigine.

160 2980 236 3035 mala
254 2997 336 3035 carne
354 2981 508 3036 vulnerum.
662 2980 703 3035 De
722 2981 812 3050 porris
831 2982 859 3035 et
877 2980 1008 3034 verrucis.

197 3069 226 3140 (f.
243 3072 303 3139 128)
331 3069 483 3139 Postquam
516 3070 719 3140 assignavimus
752 3070 787 3124 de
817 3069 1000 3124 exterioribus
1032 3068 1168 3138 passioni-

123 3141 177 3195 bus
203 3156 257 3209 que
282 3141 312 3195 in
336 3144 396 3196 toto
421 3157 536 3210 corpore
559 3141 620 3195 fieri
645 3144 763 3210 possunt
786 3141 959 3210 assignemus
985 3141 1021 3195 de
1043 3141 1088 3195 his
1114 3156 1168 3208 que

124 3214 155 3267 in
174 3212 343 3282 quibusdam
360 3215 472 3266 tantum
490 3212 618 3281 partibus
636 3212 706 3266 fiant
724 3214 753 3266 et
770 3213 861 3280 primo
881 3212 916 3266 de
934 3211 1064 3281 pustulis.

125 3303 167 3356 De
184 3301 307 3370 pustulis
327 3303 437 3371 capitis.
660 3301 702 3355 De
713 3300 840 3355 scrofulis
851 3304 879 3356 et
888 3301 980 3355 botrio
989 3299 1122 3370 (albocio
1132 3302 1167 3368 of.

125 3373 167 3428 De
185 3372 341 3427 furfuribus
361 3374 471 3442 capitis.
696 3373 747 3426 Da
766 3373 859 3443 Caspe
876 3390 898 3426 s.
912 3370 1012 3440 bocio).

125 3445 167 3498 De
186 3461 252 3498 casu
272 3444 446 3513 capillorum.
662 3444 702 3497 De
722 3443 811 3498 fetore
830 3442 881 3497 sub
901 3442 1018 3498 ascellis.

124 3515 167 3570 De
185 3517 286 3570 ornatu
305 3515 482 3585 capillorum.
661 3514 703 3568 De
721 3515 820 3568 fissura
838 3530 972 3568 manuum
992 3516 1021 3568 et
1038 3513 1149 3583 pedum.

125 3587 168 3641 De
186 3589 288 3642 ornatu
306 3587 397 3642 faciei.
