2584 3900
526 156 695 212 cuncus
732 125 735 130 ’

23 329 79 367 roeo
99 308 244 368 vescendi
267 308 454 367 stomachum
476 310 616 368 saturans
640 309 681 368 sit
703 327 807 384 cause,
830 310 948 384 require

99 397 251 457 indicium
272 396 342 456 fidei
364 395 490 457 dubium
512 397 656 473 patientis
679 396 717 457 ab
740 417 799 458 ore.

177 487 320 547 Nascitur
343 486 455 565 algoris
478 486 554 546 vitio
577 487 763 565 singultus
787 489 817 547 et
840 506 906 546 esce

101 578 303 652 exsuperante
325 574 460 651 modum,
483 576 532 636 vel
554 595 622 635 cum
645 575 827 637 subvertitur
851 577 951 653 amplo

102 665 221 724 fabrica
243 667 369 725 naturae
392 664 487 740 fluxu,
511 683 580 724 oum
603 665 703 725 deficit
725 667 833 726 humor

27 773 84 812 roae
103 755 239 832 corporis
262 754 386 814 humani
410 754 517 829 fomes,
541 773 608 813 oum
631 758 785 815 menstrua
808 755 897 814 nimis

103 843 261 922 sanguinis
285 845 445 920 erumpunt
468 843 622 922 membris,
645 843 693 904 vel
716 844 829 904 ventris
851 844 1029 904 habundans

104 933 240 993 officium
263 952 371 1009 corpus
393 937 538 1007 macerat,
561 935 609 993 vel
632 952 746 994 nausea
769 934 890 1010 chymos

104 1023 261 1082 luxurians
284 1022 382 1098 reicit,
406 1024 461 1082 aut
479 1024 531 1082 ani
553 1022 687 1098 profluus
709 1022 806 1082 imber

104 1115 190 1172 artus
214 1114 357 1172 extenuat
378 1111 486 1172 emisso
510 1113 668 1190 sanguine,
691 1113 783 1190 longe

29 1221 87 1259 roeo
104 1221 175 1261 cum
199 1203 276 1261 vires
300 1203 440 1260 minuunt
462 1202 575 1262 ieiunia
598 1203 646 1261 vel
670 1201 814 1262 diuturna

104 1290 207 1368 passio
231 1290 437 1350 membrorum.
476 1291 502 1349 si
524 1292 615 1351 noxia
637 1290 813 1370 frigiditatis

105 1380 186 1440 actio
209 1379 348 1457 producit
370 1383 498 1457 pestem,
520 1380 556 1440 fit
577 1381 703 1440 nuntius
727 1399 792 1456 aer,

104 1471 203 1529 forme
226 1469 328 1529 diaeta
350 1469 432 1530 locus
456 1471 544 1528 urina
566 1470 639 1529 fides
662 1469 805 1546 patientis

104 1559 250 1617 indicium
273 1558 437 1636 perhibent.
476 1559 626 1618 defectum
649 1559 803 1637 sanguinis
828 1558 922 1617 edunt

32 1668 88 1708 roes
106 1647 247 1708 debilitas
271 1649 380 1708 macies
404 1648 510 1725 pellor.
547 1650 574 1708 si
596 1649 702 1709 noxius
725 1648 833 1707 humor

107 1736 244 1812 offendit,
266 1737 358 1796 facies
381 1737 503 1796 habitus
526 1756 616 1814 sapor
639 1741 730 1814 atque
754 1738 855 1798 diaeta

107 1830 140 1886 et
160 1827 244 1886 locus
267 1831 298 1886 et
320 1830 438 1903 tempus
461 1846 575 1886 necnon
600 1827 779 1905 quandoque
801 1826 930 1886 recludit

107 1917 185 1975 hunc
208 1917 339 1976 vomitus
362 1935 493 1976 causum,
530 1917 557 1976 si
579 1935 671 1976 causa
694 1917 735 1976 eit
757 1916 886 1993 amplior
909 1935 992 1975 esoce

108 2009 163 2064 eut
185 2006 275 2081 potus
298 2023 384 2080 usus,
407 2005 531 2066 fastidio
554 2007 688 2081 consule,
711 2007 814 2065 ructus

35 2113 89 2152 roeo
108 2097 164 2154 eut
184 2094 323 2154 habitum
346 2096 472 2170 ventris,
496 2098 549 2155 cut
570 2095 716 2155 indicium
739 2095 891 2172 potientis.

179 2182 344 2262 Frigiditas
368 2185 516 2244 stomachi
539 2183 665 2260 simplex
690 2185 870 2260 quandoque
892 2182 1083 2242 belismum

107 2272 252 2349 parturit,
276 2276 329 2333 aut
351 2273 459 2334 humor
482 2274 584 2352 algens
608 2275 661 2332 aut
684 2274 832 2333 caumatis
855 2273 944 2332 erdor
1017 2273 1019 2276 ’

107 2363 237 2422 insertus
260 2361 408 2422 membris.
446 2365 473 2422 si
496 2363 622 2438 simplex
645 2363 739 2422 efficit
761 2363 860 2440 algor,

107 2452 250 2511 deficiunt
271 2454 375 2511 ructus
398 2471 452 2510 nec
475 2453 587 2511 ventris
612 2451 718 2511 defluit
739 2453 847 2516 humor

37 2558 89 2598 roes
107 2541 216 2601 officio.
253 2542 280 2600 si
303 2541 426 2617 chymus
451 2540 548 2617 adest,
572 2559 626 2618 pro
650 2541 777 2601 testibus
801 2544 906 2601 assunt

107 2635 209 2690 ructus
234 2633 382 2706 acetosus‚
405 2632 529 2708 portans
553 2632 666 2708 egestio
689 2633 798 2690 mixtos

182 2818 401 2872 macrescendi
419 2819 448 2873 b:
468 2818 596 2873 farcendi
615 2837 641 2873 m

181 2894 251 2943 1002
269 2891 344 2945 rubr.
359 2889 402 2943 De
417 2889 558 2960 singultus
573 2891 666 2944 causis
684 2893 712 2944 et
731 2889 819 2960 signis
835 2891 864 2942 et
882 2887 1028 2957 speciebus
1044 2889 1068 2955 0,
1088 2888 1129 2942 De

109 2960 282 3030 singultum
303 2963 306 3030 l
328 2960 468 3032 singultus
488 2963 516 3017 b:
537 2962 665 3032 signatus
683 2980 710 3017 m
732 2961 756 3087 ik
766 2965 835 3014 1030
855 2967 889 3014 ou
909 2961 937 3014 b:
962 2965 977 3012 0
1001 2962 1055 3029 (eet
1076 2977 1129 3028 pro

108 3034 135 3102 0)
149 3050 177 3087 m
193 3034 197 3102 Ι
213 3031 298 3086 nimie
312 3033 341 3088 b:
360 3049 462 3086 munus
477 3051 504 3088 m
521 3033 531 3106 ll
551 3038 619 3088 1006
638 3034 724 3088 vetris
762 3034 873 3087 :uirtus
890 3050 917 3087 m
935 3032 945 3103 ll
964 3037 1032 3085 1007
1049 3035 1129 3100 corp⁹

109 3105 137 3158 b:
163 3103 256 3158 cordis
278 3121 305 3158 m
325 3107 330 3172 Ι
350 3106 475 3158 macerat
500 3122 540 3159 ur:
563 3106 624 3159 ·rat
647 3106 663 3160 0
686 3104 696 3177 ll
720 3108 789 3158 1008
813 3104 896 3159 reicit
918 3121 958 3158 m:
981 3103 1064 3156 inicit
1086 3102 1130 3170 bil

111 3180 181 3230 1040
199 3175 312 3229 minuut
330 3177 358 3230 b:
377 3173 482 3230 minuit
497 3194 524 3232 m
541 3175 552 3248 ΙΙ
570 3181 639 3230 1042
659 3176 778 3230 nuncius
792 3194 832 3231 m:
851 3174 947 3228 nucci⁹
962 3178 1004 3244 (00
1016 3175 1129 3241 comperi

110 3249 125 3302 0
151 3247 162 3318 ll
187 3251 257 3301 1044
274 3246 376 3317 phibet
394 3248 422 3302 b:
444 3246 583 3330 phibente
601 3267 628 3304 m
648 3251 653 3316 Ι
673 3247 785 3301 defui-m
805 3265 844 3301 m:
870 3245 966 3300 defens
986 3246 1001 3299 0
1024 3244 1034 3316 ll
1060 3249 1129 3297 1040

110 3317 232 3372 osstfidit
250 3319 309 3388 (sic)
328 3336 356 3373 m
368 3319 371 3390 l
384 3317 499 3373 babitus
517 3337 556 3375 m:
576 3319 671 3373 hictus
691 3321 706 3374 0
724 3318 735 3390 ll
754 3323 823 3372 1049
838 3319 933 3372 ructus
948 3317 976 3371 b:
996 3317 1089 3369 motus
1105 3333 1130 3369 m

183 3394 252 3444 1001
275 3390 350 3446 mbr.
375 3389 492 3444 Bolismi
518 3390 610 3445 causis
636 3393 665 3444 et
691 3389 779 3460 signis
805 3392 834 3444 et
859 3386 1006 3459 speciebus
1033 3388 1062 3453 0,
1089 3386 1130 3440 De

110 3460 230 3516 boliemo
254 3479 281 3516 m
304 3461 350 3531 (cf.
368 3478 456 3530 crtpra
478 3462 516 3516 ud
538 3479 562 3517 c.
581 3465 643 3529 191)
665 3465 669 3528 Ι
689 3461 770 3516 FrTes
794 3462 810 3516 0
833 3461 842 3531 ll
866 3464 934 3512 1052
958 3461 1008 3512 eut
1030 3459 1131 3511 humor

111 3532 208 3602 algens
227 3550 265 3588 m:
286 3535 336 3586 aut
354 3532 451 3603 algens
469 3533 570 3587 humor
589 3534 604 3587 b
627 3533 636 3604 ll
661 3537 730 3586 1004
748 3531 831 3603 pfluit
851 3533 866 3584 0
