2604 3900
169 157 213 222 94
620 152 735 208 nomn

169 305 333 364 accelerare
356 303 433 378 dios,
456 305 516 364 nisi
538 306 635 364 metes
657 307 794 380 tempore
818 304 917 363 differt

168 393 308 454 materies
329 393 449 452 habilis.
486 395 608 472 sanguis
631 393 811 471 quandoque
833 393 956 454 nocivus

168 482 292 543 neribus
315 481 453 559 erumpit.
489 482 575 542 Hunc
598 484 739 542 effectura
763 483 864 543 diceto

169 572 323 651 sanguinis
347 575 378 631 et
400 571 507 631 similis
530 573 706 648 complexio,
730 591 859 632 consone
882 572 970 633 dictis

98 679 151 720 sero
170 664 253 722 aetus
275 680 338 738 que.
359 662 455 720 mules
478 661 569 720 vestit
591 661 733 740 lanugine
755 681 850 739 parva

170 751 356 829 congenitcle
378 751 434 826 pili
456 749 591 828 signum,
613 770 650 810 ne
673 751 778 811 devius
801 770 882 811 error

170 841 324 916 subrepat,
346 838 404 898 tibi
426 841 514 917 signa
536 839 658 899 dubunt.
696 840 803 900 Elucet
824 840 935 900 eisdem

169 930 215 989 vis
237 929 435 988 infletivee
458 930 553 1007 signis
575 931 740 1007 paucisque
762 931 887 990 notatur

169 1020 258 1079 istius
282 1038 301 1078 a
323 1019 454 1095 synoche
478 1017 632 1078 distantis.
669 1037 740 1077 nam
763 1018 929 1078 rubicunda

99 1125 152 1166 esso
170 1110 200 1168 et
222 1109 316 1168 fetore
339 1125 441 1167 carens
465 1107 569 1167 effusio
592 1107 748 1184 praedicat
769 1108 859 1167 istum

169 1196 270 1257 nescia
291 1196 395 1257 livoris
417 1196 542 1271 febrem,
564 1216 625 1256 non
649 1199 795 1275 sanguine
817 1198 900 1274 putri

170 1287 313 1361 efficitur,
336 1285 388 1346 sed
411 1304 503 1345 cause.
525 1304 633 1345 nocens
657 1289 702 1346 est
725 1306 802 1346 vena
824 1286 946 1362 replete..

242 1376 349 1435 Trinus
373 1374 579 1435 emitriteus
602 1376 781 1452 producitur
803 1395 839 1434 ex
861 1374 1014 1454 geminate

170 1466 304 1524 materia.
341 1465 440 1523 minor
462 1467 508 1524 est
530 1467 648 1525 exortus
671 1465 810 1543 flegmate
832 1465 917 1541 putri

100 1569 152 1611 sset
171 1557 202 1614 et
224 1555 335 1628 colere,
358 1553 497 1630 quotiens
520 1555 552 1613 in
575 1573 652 1614 vene
674 1554 826 1614 clauditur
848 1554 938 1628 illud,

170 1644 243 1702 hooc
265 1644 341 1702 latet
363 1643 499 1702 exterius.
537 1643 635 1703 censis
658 1643 774 1704 medius
797 1644 832 1702 fit
854 1644 966 1703 eisdem

243 1783 312 1831 2271
333 1793 384 1831 nec
403 1780 485 1830 metae
505 1778 683 1846 temporari,
706 1755 805 1832 dioto
837 1783 873 1831 ’e
892 1779 915 1832 b.
945 1779 1003 1847 lopo
1021 1774 1076 1829 nisi
1094 1776 1130 1842 of.
1149 1779 1197 1832 Io.

171 1849 276 1902 durant
300 1848 392 1902 febres
416 1864 506 1917 usquo
532 1847 613 1902 cdv
636 1849 680 1902 vel
704 1850 741 1902 od
763 1847 815 1903 Vll
858 1849 922 1904 iem.
955 1847 1000 1902 vel
1023 1847 1059 1900 od
1082 1845 1121 1900 IX
1146 1848 1200 1903 vel

172 1921 209 1973 ed
231 1918 271 1974 XI
296 1919 378 1974 diem.
413 1922 463 1973 out
485 1936 585 1988 perum
610 1920 673 1988 plue
700 1921 713 2004 Ι(
737 1925 807 1975 2272
833 1919 938 1974 habilis
964 1920 992 1973 b:
1018 1917 1135 1972 humilis
1166 1921 1197 1976 d.
1296 1942 1297 1990 ς

171 1993 207 2059 cf.
223 1994 265 2047 Io.
286 1992 319 2044 fit
340 1992 527 2062 (omothonus)
554 1991 589 2045 de
614 2007 751 2061 sanguine
776 1991 866 2047 multo
892 1994 920 2046 et
945 1989 1037 2046 habili
1062 1990 1100 2044 ed
1125 2007 1199 2046 suc-

172 2062 369 2117 censionem..
404 2063 471 2131 quio
493 2063 526 2117 fit
549 2064 778 2132 (epcumostious)
803 2063 838 2118 de
860 2078 954 2132 peuce
976 2061 1096 2116 muteris
1118 2061 1198 2118 licet

170 2133 262 2188 nobili
285 2134 321 2187 ed
345 2135 553 2188 succensionem
576 2138 580 2204 Ι
604 2134 731 2204 sanguis:
753 2136 787 2202 cf.
803 2136 844 2189 Io.
863 2134 1033 2189 terminetur
1051 2149 1117 2202 sepe
1134 2133 1197 2188 heo

172 2205 302 2274 egritudo
325 2203 401 2258 fluxu
428 2205 573 2275 sanguinis
599 2221 614 2259 e
637 2204 762 2260 nuribus.
800 2204 830 2259 si
848 2205 938 2275 igitur
959 2206 990 2259 in
1013 2205 1060 2258 die
1083 2205 1196 2260 cretico

171 2276 256 2330 fluere
280 2274 394 2330 differat
415 2275 631 2346 precedentibus
654 2277 743 2346 signis
766 2276 891 2330 futurum
915 2277 1020 2330 fluxum
1041 2275 1196 2346 sanguinis

172 2345 405 2402 denuntiantibus
419 2350 617 2417 provocetur..
647 2349 765 2418 (breuius
779 2350 864 2416 Plau)
877 2348 887 2421 d
901 2353 971 2402 2278
985 2347 1044 2402 Hoc
1058 2346 1197 2404 effectivo

172 2420 202 2485 d,
226 2418 317 2472 Huius
336 2417 504 2473 effecturob
527 2419 537 2492 (Ι
559 2425 629 2474 2274
648 2419 794 2489 sanguinis
813 2421 927 2490 (seng's)
947 2421 974 2474 b:
999 2417 1115 2488 sanguis
1136 2420 1161 2474 d
1210 2461 1222 2486 ,

172 2489 257 2544 dictis
271 2489 301 2544 d:
317 2489 397 2544 sedes
412 2491 427 2544 b
441 2489 451 2562 Ι)
464 2495 533 2544 2275
549 2508 616 2559 quo:
632 2497 651 2560 ἶ(
665 2494 730 2560 (que
744 2491 772 2559 d)
788 2491 824 2546 bd
840 2493 843 2561 Ι
859 2491 944 2546 vestit
958 2492 986 2546 b:
1000 2489 1090 2544 nescit
1104 2491 1123 2545 d
1136 2493 1174 2559 (2)

171 2561 310 2630 pervasd
333 2564 430 2630 (parva
448 2561 544 2629 Dar.):
563 2579 634 2630 pura
653 2563 669 2616 b
691 2562 701 2635 (Ι
724 2568 793 2617 2278
813 2562 878 2632 pili:
902 2561 969 2631 pilis
992 2561 1052 2631 (p1l'
1071 2562 1096 2630 b)
1121 2562 1160 2616 od
1187 2567 1193 2635 Ι

172 2684 207 2723 ne
222 2669 306 2723 uas:
322 2684 374 2722 nec
389 2645 427 2737 (t)
444 2669 479 2722 ou
497 2667 506 2740 p
525 2672 594 2721 sors
609 2672 739 2738 ωερε(
758 2669 793 2724 ou
809 2669 812 2741 ι
829 2668 929 2722 nuces
945 2669 976 2724 c:
996 2663 1084 2723 uuor
1098 2670 1159 2738 (uc)
1176 2671 1194 2726 c

173 2742 215 2808 (iu
227 2741 365 2810 maru-l)
392 2739 404 2823 d
427 2744 496 2794 2278
520 2739 675 2795 indutivce:
700 2740 734 2807 of.
754 2741 828 2796 Plct.
851 2739 965 2794 Sinochi
987 2738 1114 2795 infletive
1136 2740 1193 2796 hec

173 2811 270 2864 eedem
294 2813 360 2865 sunt
382 2827 464 2882 signu
487 2814 604 2879 excepto
627 2812 703 2879 quod
727 2813 809 2866 urina
834 2819 881 2867 etc.
906 2811 916 2884 d
944 2815 1013 2866 2280
1037 2811 1136 2867 effusio
1161 2813 1192 2867 b:

173 2880 286 2936 effluxio
305 2882 324 2936 d
341 2881 352 2954 d
369 2887 437 2936 2281
458 2899 514 2937 non
533 2884 571 2952 (u)
591 2883 619 2938 b:
639 2899 691 2938 nec
709 2885 728 2937 d
750 2883 759 2956 d
778 2887 847 2938 2282
867 2888 901 2937 ou
920 2885 947 2938 b:
966 2885 1027 2936 tum
1046 2885 1096 2953 (tu)
1118 2883 1138 2938 d
1156 2887 1191 2953 (2)

244 2956 313 3007 2288
336 2955 411 3008 rubr.
435 2954 477 3009 Do
502 2954 642 3009 emitriteo
666 2957 690 3010 b.
728 2956 850 3026 Epidius
871 2956 916 3009 bic
934 2956 1046 3009 Pomm
1065 2956 1193 3024 sequitur

173 3024 388 3091 Murmedc'nmn,
405 3027 508 3094 occepso
521 3028 608 3081 citio
625 3042 717 3082 comm.
732 3028 765 3082 de
782 3044 825 3081 ur.
839 3026 989 3093 o.171(cf.
1004 3025 1083 3092 infra
1101 3031 1191 3096 app),

171 3096 230 3149 soil.
248 3097 281 3149 in
297 3096 390 3150 causis
404 3127 437 3136 —
452 3115 518 3152 cum
536 3099 568 3152 in
586 3099 655 3167 ipsis
672 3099 760 3168 siquis
777 3099 959 3164 Plctcarc'cm,
979 3103 1011 3151 ct
1028 3113 1133 3167 semper
1151 3101 1192 3165 (et

172 3168 327 3235 Ioumuem).
353 3168 524 3222 Mcsacds‘ni
542 3185 576 3223 ec
592 3185 655 3224 voce
670 3171 765 3238 potius
783 3170 936 3224 comunem
953 3170 1076 3240 sepulcr
1093 3170 1192 3236 (simul

173 3244 199 3292 ct
216 3242 340 3306 accusat)
356 3255 438 3306 quam
456 3255 490 3294 cx
507 3242 625 3308 comptis,
644 3242 692 3309 qui
709 3242 811 3308 scripto
825 3257 921 3308 puceu
938 3240 1093 3295 tradiderit.
1122 3240 1190 3295 Pla-

173 3311 259 3363 tcaou'o
273 3315 364 3364 actem
383 3313 421 3378 (ct
439 3310 579 3366 docum
597 3312 719 3381 culpare)
738 3313 912 3366 consentiunt
929 3313 1012 3366 etium
1030 3312 1121 3367 Gerae
1137 3312 1190 3366 Pe·

173 3381 298 3435 troucelli
312 3381 380 3448 (cod.
397 3381 525 3449 Mediol.)
544 3399 588 3450 up.
603 3383 649 3436 Dc
663 3383 752 3437 Rcucc'
766 3382 795 3437 0.
805 3381 833 3437 S.
845 3383 899 3450 IV,
910 3386 965 3438 309
980 3384 984 3452 Ι
1000 3383 1145 3452 geminate
1160 3383 1189 3437 b:

174 3453 323 3588 {pient}
329 3452 348 3507 d
365 3451 382 3590 >d
393 3455 476 3578 ἀ2288
500 3453 610 3506 medius
636 3453 667 3505 fit
691 3452 796 3507 eisdem
820 3455 847 3508 b:
871 3453 1035 3522 modiusque
1058 3454 1090 3507 fit
1112 3453 1190 3507 idem

184 3536 208 3572 1s
230 3537 274 3575 cm
323 3540 364 3577 or.
