2584 3900
164 832 266 915 Ande
290 855 420 932 aliquid,
444 875 510 914 mea
533 857 633 930 Musa,
656 858 740 930 novi,
763 857 913 933 proscribe
936 861 1088 936 timorem,

93 944 213 1020 parcius
237 945 340 1023 arguti
361 945 469 1004 timeas
493 945 622 1004 censoris
646 964 770 1005 acumen

95 1037 186 1110 atquc
209 1034 345 1093 theonini
367 1052 483 1093 morsus
507 1034 546 1093 ad
569 1036 696 1093 vulnera
719 1034 816 1094 dentis

95 1142 193 1200 aequa
215 1125 314 1182 mente
338 1123 426 1183 feras.
472 1123 569 1183 decas
593 1124 715 1183 sufferre
738 1125 906 1185 cachinnos.

65 1231 131 1271 sne
154 1211 282 1289 trepida.
328 1214 400 1288 qnia
423 1217 525 1272 mutus
549 1212 606 1273 erit
628 1213 747 1272 feritate
770 1217 885 1273 remota

96 1321 187 1378 quom
209 1302 323 1362 saevire
346 1302 442 1364 times.
489 1320 542 1362 nec
563 1302 606 1362 'sit
627 1302 685 1362 tibi
707 1302 805 1380 gloria
827 1303 908 1378 finis,

96 1391 148 1450 sed
170 1390 309 1468 prodesse
331 1391 408 1450 rudi.
454 1410 508 1451 nec
530 1410 626 1451 vanae
648 1411 772 1450 munera
795 1391 894 1451 landis

97 1481 215 1541 venaris
238 1499 292 1540 nec
314 1481 360 1540 vis
384 1480 502 1540 ederam
525 1480 582 1540 tibi
604 1481 734 1540 lambere
757 1483 885 1542 vultum.

96 1572 131 1629 nt
152 1568 264 1646 prosis,
287 1588 347 1628 non
370 1573 406 1629 ut
427 1570 561 1646 placeas,
584 1571 651 1629 loca
674 1569 795 1646 publica
817 1570 923 1647 poscis.

53 1681 79 1718 ιο
168 1658 311 1718 Materiae
334 1659 469 1736 gravitas
491 1659 549 1718 tibi
572 1659 650 1719 vires
674 1662 828 1738 aggravat.
874 1661 944 1720 inde

97 1767 164 1825 spes
188 1747 303 1807 defecta
325 1748 391 1807 tibi.
438 1747 490 1808 sed
513 1748 594 1824 quod
617 1767 678 1807 non
701 1749 812 1808 sufficis
836 1753 918 1824 actu,

98 1837 205 1897 affectu
228 1838 375 1914 complere
398 1837 493 1897 stude.
538 1857 609 1897 nam
631 1839 696 1898 sola
719 1838 859 1898 voluntas

98 1926 210 1986 sufficit
231 1927 271 1985 ad
292 1926 394 1985 meriti
416 1928 560 2004 pretium,
584 1946 652 1986 cum
675 1945 762 2004 posse
785 1930 922 2005 negatur.

97 2017 213 2077 sivero
236 2035 291 2093 pro
315 2033 401 2092 posse
424 2035 479 2076 suo
502 2016 638 2092 procedit
660 2017 691 2075 in
714 2019 814 2076 actum

55 2126 79 2166 ru
97 2106 206 2165 inculti
228 2104 353 2182 torpedo
377 2105 453 2178 stili,
476 2104 659 2165 moderatius
682 2106 714 2163 in
737 2109 767 2165 te

97 2196 210 2256 saeviet
232 2194 365 2270 auditor,
388 2199 418 2255 et
439 2197 544 2271 parcet
566 2194 669 2254 rodere
692 2196 770 2255 livor

96 2302 225 2362 pensans
249 2285 381 2344 affectus.
428 2303 498 2362 crgo
522 2284 673 2344 succincta
695 2284 797 2363 relega

97 2374 268 2452 segnitiem,
290 2375 441 2450 torporem
464 2373 594 2448 discute,
617 2392 752 2451 promere
774 2393 868 2450 pensa

97 2463 170 2539 quid
192 2461 289 2521 morbi
312 2465 445 2540 signum,
469 2483 545 2540 quae
569 2464 630 2524 sint
652 2463 837 2523 sinthomata
860 2463 975 2522 cunctis

55 2571 79 2610 ao
97 2551 292 2629 appropriata
314 2552 415 2627 malis,
439 2555 469 2612 et
491 2553 522 2610 in
545 2554 601 2613 hoc
626 2553 666 2612 sit
688 2556 770 2611 meta
792 2552 912 2612 laboris.

168 2747 182 2794 1
202 2741 276 2795 mbr.
296 2737 421 2808 Explicit
439 2738 512 2792 liber
530 2740 565 2794 de
583 2741 672 2793 urinis
692 2741 802 2794 edictus
821 2739 856 2792 ab
876 2739 977 2808 egidio.
1010 2740 1114 2810 Incipit

95 2812 168 2867 liber
190 2811 225 2865 de
248 2810 337 2880 cignis
360 2812 390 2864 et
410 2811 628 2866 sinthomatibus
647 2811 839 2881 egritudinum
859 2829 885 2865 m
908 2813 917 2882 11
940 2811 1010 2878 tes.
1030 2812 1114 2868 dente

96 2883 239 2938 Theonino
260 2883 359 2937 Horat.
380 2884 455 2951 epist.
476 2883 501 2949 1,
515 2888 559 2950 18,
573 2887 609 2938 82
631 2881 641 2955 Η
661 2888 677 2936 4
698 2883 811 2938 cahinos
830 2899 857 2937 m
882 2887 890 2952 [ζ
916 2887 931 2934 t
956 2883 1035 2950 quia:
1059 2900 1114 2952 que

96 2958 146 3026 (q3)
170 2971 197 3009 m
224 2953 234 3026 Η
260 2958 423 3007 τωωιοται
446 2953 566 3008 uulnera
585 2956 643 3024 (etc)
662 2973 689 3009 m
713 2954 724 3026 ΙΙ
744 2959 760 3007 8
778 2954 901 3007 venaris:
924 2955 1033 3009 veneris
1055 2973 1083 3010 m
1109 2994 1111 3026 ,

95 3040 177 3116 riuis
195 3049 278 3203 {pium
297 3059 551 3128 mandatricem
571 3062 639 3116 Hor.
661 3078 700 3130 ep.
721 3063 787 3129 l,3,
800 3063 846 3129 25)
869 3059 879 3132 {t
903 3066 917 3113 9
941 3066 977 3114 no
1001 3061 1115 3130 placeat

107 3151 156 3190 orn.
176 3150 196 3187 u
237 3150 265 3187 m

97 3137 105 3203 (
169 3209 202 3259 10
220 3204 295 3259 mbr.
310 3203 357 3257 hio
375 3205 458 3257 notat
479 3202 676 3258 difficultatem
694 3203 828 3272 operiam
845 3203 855 3275 Η
873 3209 908 3258 14
925 3219 989 3258 vere
1004 3204 1050 3272 (ῆι
1069 3209 1114 3256 ffi

97 3294 122 3332 ra
146 3279 187 3346 (in
212 3275 319 3330 ductim
339 3277 445 3344 monn
470 3275 695 3345 complurimis
719 3281 773 3329 tres
796 3275 841 3329 hic
867 3275 974 3329 litterae
998 3275 1115 3330 nemeae

98 3351 170 3417 nent)
192 3347 203 3420 ΙΙ
226 3350 260 3399 15
278 3345 390 3400 Incultu
408 3363 435 3400 m
457 3345 467 3418 Η
490 3351 522 3399 17
542 3345 665 3401 Pensans
684 3345 797 3400 auditor
815 3347 895 3415 (mule
912 3348 1005 3414 repet.)
1029 3344 1114 3399 effec-

98 3421 142 3474 tus
179 3437 215 3473 m.
265 3417 329 3471 rudi
365 3419 394 3472 et
429 3416 538 3470 inculto
575 3416 640 3471 stilo
678 3419 809 3471 contexta
845 3423 957 3472 emat
993 3416 1113 3471 Pseudo-

100 3491 220 3561 Eps’diae
237 3490 320 3614 etintrp
337 3490 369 3544 in
383 3488 455 3558 prol.
466 3505 541 3558 pron
556 3489 688 3543 carminis
705 3488 738 3542 de
756 3489 864 3556 simplic
881 3487 1087 3555 compositisque
1104 3487 1112 3555 t}

100 3567 132 3615 20
150 3559 284 3630 apropria
332 3576 359 3614 m

917 3659 950 3712 lt
