<?xml version="1.0" encoding="UTF-8"?>
<!DOCTYPE html PUBLIC "-//W3C//DTD XHTML 1.0 Transitional//EN"
    "http://www.w3.org/TR/xhtml1/DTD/xhtml1-transitional.dtd">
<html xmlns="http://www.w3.org/1999/xhtml" xml:lang="en" lang="en">
 <head>
  <title>
</title>
<meta http-equiv="Content-Type" content="text/html;charset=utf-8" />
  <meta name='ocr-system' content='tesseract 3.04.00' />
  <meta name='ocr-capabilities' content='ocr_page ocr_carea ocr_par ocr_line ocrx_word'/>
</head>
<body>
  <div class='ocr_page' id='page_1' title='image "./egidiicorbolien02rosegoog_0060.png"; bbox 0 0 2584 3900; ppageno 0'>
   <div class='ocr_carea' id='block_1_1' title="bbox 554 183 723 238">
    <p class='ocr_par' dir='ltr' id='par_1_1' title="bbox 554 183 723 238">
     <span class='ocr_line' id='line_1_1' title="bbox 554 183 723 238; baseline 0.006 -1"><span class='ocrx_word' id='word_1_1' title='bbox 554 183 723 238; x_wconf 82' lang='lat' dir='ltr'>VIATIGUS</span> 
     </span>
    </p>
   </div>
   <div class='ocr_carea' id='block_1_2' title="bbox 131 333 880 412">
    <p class='ocr_par' dir='ltr' id='par_1_2' title="bbox 131 333 880 412">
     <span class='ocr_line' id='line_1_2' title="bbox 131 333 880 412; baseline 0.001 -18"><span class='ocrx_word' id='word_1_2' title='bbox 131 334 242 411; x_wconf 76' lang='lat' dir='ltr'><strong>palliat</strong></span> <span class='ocrx_word' id='word_1_3' title='bbox 263 339 294 393; x_wconf 84' lang='lat' dir='ltr'><strong>et</strong></span> <span class='ocrx_word' id='word_1_4' title='bbox 316 333 398 394; x_wconf 88' lang='lat' dir='ltr'><strong>velat</strong></span> <span class='ocrx_word' id='word_1_5' title='bbox 420 333 539 410; x_wconf 84' lang='lat' dir='ltr'><strong>vitium,</strong></span> <span class='ocrx_word' id='word_1_6' title='bbox 562 334 740 412; x_wconf 73' lang='lat' dir='ltr'>redimitque</span> <span class='ocrx_word' id='word_1_7' title='bbox 762 339 880 395; x_wconf 91' lang='lat' dir='ltr'><strong>reatum</strong></span> 
     </span>
    </p>
   </div>
   <div class='ocr_carea' id='block_1_3' title="bbox 61 423 1086 2378">
    <p class='ocr_par' dir='ltr' id='par_1_3' title="bbox 130 423 940 590">
     <span class='ocr_line' id='line_1_3' title="bbox 132 423 889 501; baseline 0.005 -19"><span class='ocrx_word' id='word_1_8' title='bbox 132 426 166 483; x_wconf 87' lang='lat' dir='ltr'><strong>et</strong></span> <span class='ocrx_word' id='word_1_9' title='bbox 189 425 307 501; x_wconf 88' lang='lat' dir='ltr'><strong>culpam</strong></span> <span class='ocrx_word' id='word_1_10' title='bbox 331 424 403 481; x_wconf 91' lang='lat' dir='ltr'><strong>dum</strong></span> <span class='ocrx_word' id='word_1_11' title='bbox 427 425 564 500; x_wconf 89' lang='lat' dir='ltr'><strong>suscepta</strong></span> <span class='ocrx_word' id='word_1_12' title='bbox 586 423 737 484; x_wconf 78' lang='lat' dir='ltr'><strong>mendicat</strong></span> <span class='ocrx_word' id='word_1_13' title='bbox 760 425 798 485; x_wconf 87' lang='lat' dir='ltr'><strong>ab</strong></span> <span class='ocrx_word' id='word_1_14' title='bbox 821 444 889 487; x_wconf 89' lang='lat' dir='ltr'><strong>esca</strong></span> 
     </span>
     <span class='ocr_line' id='line_1_4' title="bbox 130 512 940 590; baseline 0.005 -18"><span class='ocrx_word' id='word_1_15' title='bbox 130 532 243 572; x_wconf 91' lang='lat' dir='ltr'><strong>munus</strong></span> <span class='ocrx_word' id='word_1_16' title='bbox 267 513 471 572; x_wconf 85' lang='lat' dir='ltr'><strong>aromaticum.</strong></span> <span class='ocrx_word' id='word_1_17' title='bbox 508 512 589 590; x_wconf 90' lang='lat' dir='ltr'><strong>quod</strong></span> <span class='ocrx_word' id='word_1_18' title='bbox 612 514 683 572; x_wconf 88' lang='lat' dir='ltr'><strong>dum</strong></span> <span class='ocrx_word' id='word_1_19' title='bbox 707 513 820 574; x_wconf 90' lang='lat' dir='ltr'><strong>ieiunia</strong></span> <span class='ocrx_word' id='word_1_20' title='bbox 838 519 940 576; x_wconf 85' lang='lat' dir='ltr'><strong>servat</strong></span> 
     </span>
    </p>

    <p class='ocr_par' dir='ltr' id='par_1_4' title="bbox 61 601 929 1020">
     <span class='ocr_line' id='line_1_5' title="bbox 61 601 868 679; baseline 0 -17"><span class='ocrx_word' id='word_1_21' title='bbox 61 621 112 662; x_wconf 78' lang='lat' dir='ltr'><strong>ero</strong></span> <span class='ocrx_word' id='word_1_22' title='bbox 132 602 255 662; x_wconf 88' lang='lat' dir='ltr'><strong>amittit.</strong></span> <span class='ocrx_word' id='word_1_23' title='bbox 292 603 395 678; x_wconf 90' lang='lat' dir='ltr'><strong>pulmo</strong></span> <span class='ocrx_word' id='word_1_24' title='bbox 418 601 508 660; x_wconf 87' lang='lat' dir='ltr'><strong>flatus</strong></span> <span class='ocrx_word' id='word_1_25' title='bbox 531 601 711 679; x_wconf 89' lang='lat' dir='ltr'><strong>quandoque</strong></span> <span class='ocrx_word' id='word_1_26' title='bbox 732 604 868 664; x_wconf 77' lang='lat' dir='ltr'><strong>recondit</strong></span> 
     </span>
     <span class='ocr_line' id='line_1_6' title="bbox 131 692 873 769; baseline 0.001 -18"><span class='ocrx_word' id='word_1_27' title='bbox 131 710 252 768; x_wconf 86' lang='lat' dir='ltr'><strong>exosos,</strong></span> <span class='ocrx_word' id='word_1_28' title='bbox 274 710 364 768; x_wconf 88' lang='lat' dir='ltr'><strong>quem</strong></span> <span class='ocrx_word' id='word_1_29' title='bbox 388 693 562 767; x_wconf 88' lang='lat' dir='ltr'><strong>conuptum</strong></span> <span class='ocrx_word' id='word_1_30' title='bbox 585 692 754 752; x_wconf 85' lang='lat' dir='ltr'><strong>substantia</strong></span> <span class='ocrx_word' id='word_1_31' title='bbox 777 695 873 769; x_wconf 87' lang='lat' dir='ltr'><strong>putris</strong></span> 
     </span>
     <span class='ocr_line' id='line_1_7' title="bbox 130 780 831 856; baseline 0.001 -15"><span class='ocrx_word' id='word_1_32' title='bbox 130 780 234 841; x_wconf 80' lang='lat' dir='ltr'><strong>reddit</strong></span> <span class='ocrx_word' id='word_1_33' title='bbox 255 782 434 840; x_wconf 88' lang='lat' dir='ltr'><strong>continuans</strong></span> <span class='ocrx_word' id='word_1_34' title='bbox 456 780 524 840; x_wconf 88' lang='lat' dir='ltr'><strong>fedo</strong></span> <span class='ocrx_word' id='word_1_35' title='bbox 548 780 710 856; x_wconf 74' lang='lat' dir='ltr'><strong>spiramine</strong></span> <span class='ocrx_word' id='word_1_36' title='bbox 732 782 831 842; x_wconf 75' lang='lat' dir='ltr'><strong>firmos</strong></span> 
     </span>
     <span class='ocr_line' id='line_1_8' title="bbox 130 869 929 948; baseline 0.001 -18"><span class='ocrx_word' id='word_1_37' title='bbox 130 870 255 930; x_wconf 88' lang='lat' dir='ltr'><strong>naribus</strong></span> <span class='ocrx_word' id='word_1_38' title='bbox 279 888 396 945; x_wconf 87' lang='lat' dir='ltr'><strong>exosos,</strong></span> <span class='ocrx_word' id='word_1_39' title='bbox 419 889 473 929; x_wconf 89' lang='lat' dir='ltr'><strong>nec</strong></span> <span class='ocrx_word' id='word_1_40' title='bbox 497 873 617 945; x_wconf 85' lang='lat' dir='ltr'><strong>sumpte</strong></span> <span class='ocrx_word' id='word_1_41' title='bbox 638 869 770 930; x_wconf 88' lang='lat' dir='ltr'><strong>remedia</strong></span> <span class='ocrx_word' id='word_1_42' title='bbox 793 875 929 948; x_wconf 89' lang='lat' dir='ltr'><strong>praestat</strong></span> 
     </span>
     <span class='ocr_line' id='line_1_9' title="bbox 130 958 832 1020; baseline -0.001 0"><span class='ocrx_word' id='word_1_43' title='bbox 130 978 211 1020; x_wconf 88' lang='lat' dir='ltr'><strong>esea.</strong></span> <span class='ocrx_word' id='word_1_44' title='bbox 248 963 351 1018; x_wconf 87' lang='lat' dir='ltr'><strong>notam</strong></span> <span class='ocrx_word' id='word_1_45' title='bbox 372 958 443 1018; x_wconf 85' lang='lat' dir='ltr'><strong>fidei</strong></span> <span class='ocrx_word' id='word_1_46' title='bbox 466 960 597 1020; x_wconf 77' lang='lat' dir='ltr'><strong>thoracis</strong></span> <span class='ocrx_word' id='word_1_47' title='bbox 620 960 708 1019; x_wconf 88' lang='lat' dir='ltr'><strong>laeva</strong></span> <span class='ocrx_word' id='word_1_48' title='bbox 731 960 832 1020; x_wconf 91' lang='lat' dir='ltr'><strong>dolore</strong></span> 
     </span>
    </p>

    <p class='ocr_par' dir='ltr' id='par_1_5' title="bbox 62 1048 934 1481">
     <span class='ocr_line' id='line_1_10' title="bbox 62 1048 934 1127; baseline 0.001 -18"><span class='ocrx_word' id='word_1_49' title='bbox 62 1069 110 1109; x_wconf 76' lang='lat' dir='ltr'><strong>ere</strong></span> <span class='ocrx_word' id='word_1_50' title='bbox 129 1068 205 1127; x_wconf 89' lang='lat' dir='ltr'><strong>pars</strong></span> <span class='ocrx_word' id='word_1_51' title='bbox 228 1067 370 1125; x_wconf 88' lang='lat' dir='ltr'><strong>oppressa</strong></span> <span class='ocrx_word' id='word_1_52' title='bbox 391 1048 484 1108; x_wconf 84' lang='lat' dir='ltr'><strong>dabit.</strong></span> <span class='ocrx_word' id='word_1_53' title='bbox 521 1067 643 1109; x_wconf 88' lang='lat' dir='ltr'><strong>causam</strong></span> <span class='ocrx_word' id='word_1_54' title='bbox 665 1049 769 1110; x_wconf 87' lang='lat' dir='ltr'><strong>fetoris</strong></span> <span class='ocrx_word' id='word_1_55' title='bbox 792 1050 934 1110; x_wconf 89' lang='lat' dir='ltr'><strong>habentes</strong></span> 
     </span>
     <span class='ocr_line' id='line_1_11' title="bbox 130 1137 766 1217; baseline 0 -20"><span class='ocrx_word' id='word_1_56' title='bbox 130 1138 273 1217; x_wconf 90' lang='lat' dir='ltr'><strong>gingivas</strong></span> <span class='ocrx_word' id='word_1_57' title='bbox 297 1137 409 1216; x_wconf 78' lang='lat' dir='ltr'><strong>digitus</strong></span> <span class='ocrx_word' id='word_1_58' title='bbox 432 1137 522 1196; x_wconf 83' lang='lat' dir='ltr'><strong>iudex</strong></span> <span class='ocrx_word' id='word_1_59' title='bbox 545 1139 766 1198; x_wconf 84' lang='lat' dir='ltr'><strong>examinatori</strong></span> 
     </span>
     <span class='ocr_line' id='line_1_12' title="bbox 130 1227 810 1306; baseline 0 -20"><span class='ocrx_word' id='word_1_60' title='bbox 130 1227 289 1302; x_wconf 85' lang='lat' dir='ltr'><strong>inmissus,</strong></span> <span class='ocrx_word' id='word_1_61' title='bbox 313 1227 365 1303; x_wconf 90' lang='lat' dir='ltr'><strong>qui</strong></span> <span class='ocrx_word' id='word_1_62' title='bbox 388 1228 413 1286; x_wconf 90' lang='lat' dir='ltr'><strong>si</strong></span> <span class='ocrx_word' id='word_1_63' title='bbox 437 1227 542 1286; x_wconf 88' lang='lat' dir='ltr'><strong>fetoris</strong></span> <span class='ocrx_word' id='word_1_64' title='bbox 565 1229 652 1306; x_wconf 90' lang='lat' dir='ltr'><strong>signa</strong></span> <span class='ocrx_word' id='word_1_65' title='bbox 674 1229 810 1304; x_wconf 86' lang='lat' dir='ltr'><strong>reportat</strong></span> 
     </span>
     <span class='ocr_line' id='line_1_13' title="bbox 131 1311 826 1393; baseline 0.003 -18"><span class='ocrx_word' id='word_1_66' title='bbox 131 1315 259 1376; x_wconf 88' lang='lat' dir='ltr'><strong>naribus</strong></span> <span class='ocrx_word' id='word_1_67' title='bbox 282 1311 458 1393; x_wconf 89' lang='lat' dir='ltr'><strong>applicitus,</strong></span> <span class='ocrx_word' id='word_1_68' title='bbox 480 1315 544 1376; x_wconf 86' lang='lat' dir='ltr'><strong>illio</strong></span> <span class='ocrx_word' id='word_1_69' title='bbox 567 1316 688 1376; x_wconf 84' lang='lat' dir='ltr'><strong>latitare</strong></span> <span class='ocrx_word' id='word_1_70' title='bbox 712 1316 826 1376; x_wconf 82' lang='lat' dir='ltr'><strong>fatetur</strong></span> 
     </span>
     <span class='ocr_line' id='line_1_14' title="bbox 130 1406 858 1481; baseline 0 -17"><span class='ocrx_word' id='word_1_71' title='bbox 130 1406 293 1465; x_wconf 74' lang='lat' dir='ltr'><strong>materiem</strong></span> <span class='ocrx_word' id='word_1_72' title='bbox 317 1407 441 1481; x_wconf 85' lang='lat' dir='ltr'><strong>visuque</strong></span> <span class='ocrx_word' id='word_1_73' title='bbox 465 1407 565 1481; x_wconf 91' lang='lat' dir='ltr'><strong>potest</strong></span> <span class='ocrx_word' id='word_1_74' title='bbox 587 1424 634 1465; x_wconf 86' lang='lat' dir='ltr'><strong>res</strong></span> <span class='ocrx_word' id='word_1_75' title='bbox 658 1424 729 1466; x_wconf 87' lang='lat' dir='ltr'><strong>vera</strong></span> <span class='ocrx_word' id='word_1_76' title='bbox 751 1407 858 1466; x_wconf 86' lang='lat' dir='ltr'><strong>notari.</strong></span> 
     </span>
    </p>

    <p class='ocr_par' dir='ltr' id='par_1_6' title="bbox 65 1494 1086 1930">
     <span class='ocr_line' id='line_1_15' title="bbox 65 1494 1086 1574; baseline 0.003 -21"><span class='ocrx_word' id='word_1_77' title='bbox 65 1515 109 1554; x_wconf 83' lang='lat' dir='ltr'><strong>eac</strong></span> <span class='ocrx_word' id='word_1_78' title='bbox 207 1494 364 1555; x_wconf 82' lang='lat' dir='ltr'><strong>Naribus</strong></span> <span class='ocrx_word' id='word_1_79' title='bbox 388 1513 578 1572; x_wconf 88' lang='lat' dir='ltr'><strong>erumpens</strong></span> <span class='ocrx_word' id='word_1_80' title='bbox 602 1496 749 1574; x_wconf 92' lang='lat' dir='ltr'><strong>sanguis</strong></span> <span class='ocrx_word' id='word_1_81' title='bbox 774 1495 954 1572; x_wconf 79' lang='lat' dir='ltr'><strong>quandoque</strong></span> <span class='ocrx_word' id='word_1_82' title='bbox 979 1497 1086 1556; x_wconf 86' lang='lat' dir='ltr'><strong>salutis</strong></span> 
     </span>
     <span class='ocr_line' id='line_1_16' title="bbox 130 1584 899 1662; baseline 0.003 -20"><span class='ocrx_word' id='word_1_83' title='bbox 130 1584 259 1644; x_wconf 89' lang='lat' dir='ltr'><strong>nuntius</strong></span> <span class='ocrx_word' id='word_1_84' title='bbox 282 1585 340 1659; x_wconf 85' lang='lat' dir='ltr'><strong>est,</strong></span> <span class='ocrx_word' id='word_1_85' title='bbox 363 1602 431 1642; x_wconf 89' lang='lat' dir='ltr'><strong>oum</strong></span> <span class='ocrx_word' id='word_1_86' title='bbox 453 1586 579 1644; x_wconf 84' lang='lat' dir='ltr'><strong>naturae</strong></span> <span class='ocrx_word' id='word_1_87' title='bbox 602 1584 720 1644; x_wconf 70' lang='lat' dir='ltr'><strong>deuote</strong></span> <span class='ocrx_word' id='word_1_88' title='bbox 741 1603 899 1662; x_wconf 85' lang='lat' dir='ltr'><strong>resurgens</strong></span> 
     </span>
     <span class='ocr_line' id='line_1_17' title="bbox 131 1672 901 1751; baseline 0.004 -20"><span class='ocrx_word' id='word_1_89' title='bbox 131 1672 233 1732; x_wconf 84' lang='lat' dir='ltr'><strong>virtus</strong></span> <span class='ocrx_word' id='word_1_90' title='bbox 255 1675 287 1732; x_wconf 91' lang='lat' dir='ltr'><strong>in</strong></span> <span class='ocrx_word' id='word_1_91' title='bbox 310 1673 413 1733; x_wconf 88' lang='lat' dir='ltr'><strong>morbo</strong></span> <span class='ocrx_word' id='word_1_92' title='bbox 436 1692 528 1734; x_wconf 88' lang='lat' dir='ltr'><strong>causa</strong></span> <span class='ocrx_word' id='word_1_93' title='bbox 550 1674 698 1734; x_wconf 86' lang='lat' dir='ltr'><strong>subeunte</strong></span> <span class='ocrx_word' id='word_1_94' title='bbox 720 1674 901 1751; x_wconf 83' lang='lat' dir='ltr'><strong>triumphat,</strong></span> 
     </span>
     <span class='ocr_line' id='line_1_18' title="bbox 133 1761 950 1841; baseline 0.001 -20"><span class='ocrx_word' id='word_1_95' title='bbox 133 1762 245 1821; x_wconf 87' lang='lat' dir='ltr'><strong>ultima</strong></span> <span class='ocrx_word' id='word_1_96' title='bbox 268 1782 336 1822; x_wconf 90' lang='lat' dir='ltr'><strong>cum</strong></span> <span class='ocrx_word' id='word_1_97' title='bbox 358 1761 496 1822; x_wconf 88' lang='lat' dir='ltr'><strong>morbum</strong></span> <span class='ocrx_word' id='word_1_98' title='bbox 519 1763 603 1823; x_wconf 87' lang='lat' dir='ltr'><strong>crisis</strong></span> <span class='ocrx_word' id='word_1_99' title='bbox 626 1763 775 1824; x_wconf 89' lang='lat' dir='ltr'><strong>sententia</strong></span> <span class='ocrx_word' id='word_1_100' title='bbox 798 1765 950 1841; x_wconf 86' lang='lat' dir='ltr'><strong>dampnat.</strong></span> 
     </span>
     <span class='ocr_line' id='line_1_19' title="bbox 134 1851 990 1930; baseline 0.004 -20"><span class='ocrx_word' id='word_1_101' title='bbox 134 1870 225 1928; x_wconf 88' lang='lat' dir='ltr'><strong>saepe</strong></span> <span class='ocrx_word' id='word_1_102' title='bbox 247 1851 320 1911; x_wconf 90' lang='lat' dir='ltr'><strong>mali</strong></span> <span class='ocrx_word' id='word_1_103' title='bbox 342 1853 443 1930; x_wconf 89' lang='lat' dir='ltr'><strong>gestat</strong></span> <span class='ocrx_word' id='word_1_104' title='bbox 465 1851 586 1912; x_wconf 90' lang='lat' dir='ltr'><strong>titulum</strong></span> <span class='ocrx_word' id='word_1_105' title='bbox 611 1854 834 1930; x_wconf 89' lang='lat' dir='ltr'><strong>dampnumque</strong></span> <span class='ocrx_word' id='word_1_106' title='bbox 857 1854 990 1913; x_wconf 90' lang='lat' dir='ltr'><strong>minatur</strong></span> 
     </span>
    </p>

    <p class='ocr_par' dir='ltr' id='par_1_7' title="bbox 67 1941 925 2378">
     <span class='ocr_line' id='line_1_20' title="bbox 67 1941 923 2019; baseline 0.004 -19"><span class='ocrx_word' id='word_1_107' title='bbox 67 1959 113 2000; x_wconf 82' lang='lat' dir='ltr'><strong>sse</strong></span> <span class='ocrx_word' id='word_1_108' title='bbox 134 1942 270 2001; x_wconf 89' lang='lat' dir='ltr'><strong>naturae.</strong></span> <span class='ocrx_word' id='word_1_109' title='bbox 308 1960 378 2002; x_wconf 88' lang='lat' dir='ltr'><strong>nam</strong></span> <span class='ocrx_word' id='word_1_110' title='bbox 395 1941 502 2001; x_wconf 53' lang='lat' dir='ltr'><strong>&gt;fundit</strong></span> <span class='ocrx_word' id='word_1_111' title='bbox 524 1961 591 2001; x_wconf 91' lang='lat' dir='ltr'><strong>eum</strong></span> <span class='ocrx_word' id='word_1_112' title='bbox 615 1960 694 2002; x_wconf 90' lang='lat' dir='ltr'><strong>nuuc</strong></span> <span class='ocrx_word' id='word_1_113' title='bbox 716 1961 786 2002; x_wconf 82' lang='lat' dir='ltr'><strong>vase</strong></span> <span class='ocrx_word' id='word_1_114' title='bbox 809 1944 923 2019; x_wconf 90' lang='lat' dir='ltr'><strong>repleto</strong></span> 
     </span>
     <span class='ocr_line' id='line_1_21' title="bbox 135 2030 925 2110; baseline 0.001 -20"><span class='ocrx_word' id='word_1_115' title='bbox 135 2030 224 2107; x_wconf 88' lang='lat' dir='ltr'><strong>copia</strong></span> <span class='ocrx_word' id='word_1_116' title='bbox 245 2031 414 2107; x_wconf 85' lang='lat' dir='ltr'><strong>luxurians,</strong></span> <span class='ocrx_word' id='word_1_117' title='bbox 438 2050 506 2090; x_wconf 89' lang='lat' dir='ltr'><strong>cum</strong></span> <span class='ocrx_word' id='word_1_118' title='bbox 520 2031 609 2091; x_wconf 61' lang='lat' dir='ltr'><strong>&#39;victa</strong></span> <span class='ocrx_word' id='word_1_119' title='bbox 632 2033 806 2110; x_wconf 84' lang='lat' dir='ltr'><strong>gravamine</strong></span> <span class='ocrx_word' id='word_1_120' title='bbox 829 2032 925 2091; x_wconf 88' lang='lat' dir='ltr'><strong>multo</strong></span> 
     </span>
     <span class='ocr_line' id='line_1_22' title="bbox 132 2119 812 2197; baseline 0 -19"><span class='ocrx_word' id='word_1_121' title='bbox 132 2120 204 2179; x_wconf 91' lang='lat' dir='ltr'><strong>iura</strong></span> <span class='ocrx_word' id='word_1_122' title='bbox 224 2119 390 2180; x_wconf 84' lang='lat' dir='ltr'><strong>retentivae</strong></span> <span class='ocrx_word' id='word_1_123' title='bbox 412 2120 535 2180; x_wconf 87' lang='lat' dir='ltr'><strong>virtutis</strong></span> <span class='ocrx_word' id='word_1_124' title='bbox 559 2120 660 2180; x_wconf 87' lang='lat' dir='ltr'><strong>debita</strong></span> <span class='ocrx_word' id='word_1_125' title='bbox 682 2119 812 2197; x_wconf 82' lang='lat' dir='ltr'><strong>perdunt</strong></span> 
     </span>
     <span class='ocr_line' id='line_1_23' title="bbox 135 2209 896 2286; baseline -0.001 -17"><span class='ocrx_word' id='word_1_126' title='bbox 135 2209 237 2269; x_wconf 89' lang='lat' dir='ltr'><strong>officii.</strong></span> <span class='ocrx_word' id='word_1_127' title='bbox 273 2212 345 2270; x_wconf 90' lang='lat' dir='ltr'><strong>tunc</strong></span> <span class='ocrx_word' id='word_1_128' title='bbox 368 2209 562 2286; x_wconf 85' lang='lat' dir='ltr'><strong>plectoricum</strong></span> <span class='ocrx_word' id='word_1_129' title='bbox 585 2209 641 2269; x_wconf 86' lang='lat' dir='ltr'><strong>tibi</strong></span> <span class='ocrx_word' id='word_1_130' title='bbox 664 2209 765 2273; x_wconf 89' lang='lat' dir='ltr'><strong>lucida</strong></span> <span class='ocrx_word' id='word_1_131' title='bbox 788 2228 896 2286; x_wconf 90' lang='lat' dir='ltr'><strong>corpus</strong></span> 
     </span>
     <span class='ocr_line' id='line_1_24' title="bbox 134 2298 900 2378; baseline 0.001 -20"><span class='ocrx_word' id='word_1_132' title='bbox 134 2300 224 2376; x_wconf 88' lang='lat' dir='ltr'><strong>signa</strong></span> <span class='ocrx_word' id='word_1_133' title='bbox 248 2298 343 2373; x_wconf 89' lang='lat' dir='ltr'><strong>dabit,</strong></span> <span class='ocrx_word' id='word_1_134' title='bbox 367 2317 445 2375; x_wconf 89' lang='lat' dir='ltr'><strong>quae</strong></span> <span class='ocrx_word' id='word_1_135' title='bbox 468 2299 625 2359; x_wconf 85' lang='lat' dir='ltr'><strong>confirmat</strong></span> <span class='ocrx_word' id='word_1_136' title='bbox 648 2299 812 2377; x_wconf 87' lang='lat' dir='ltr'><strong>complexio</strong></span> <span class='ocrx_word' id='word_1_137' title='bbox 836 2299 900 2378; x_wconf 88' lang='lat' dir='ltr'><strong>lege</strong></span> 
     </span>
    </p>
   </div>
   <div class='ocr_carea' id='block_1_4' title="bbox 134 2503 1156 3303">
    <p class='ocr_par' dir='ltr' id='par_1_8' title="bbox 134 2503 1156 3094">
     <span class='ocr_line' id='line_1_25' title="bbox 209 2503 1155 2577; baseline 0 -18"><span class='ocrx_word' id='word_1_138' title='bbox 209 2511 259 2560; x_wconf 93' lang='grc'><strong>571</strong></span> <span class='ocrx_word' id='word_1_139' title='bbox 278 2503 375 2573; x_wconf 86' lang='lat' dir='ltr'><strong>putrix</strong></span> <span class='ocrx_word' id='word_1_140' title='bbox 392 2507 437 2559; x_wconf 76' lang='lat' dir='ltr'><strong>ml&gt;</strong></span> <span class='ocrx_word' id='word_1_141' title='bbox 459 2505 469 2577; x_wconf 71' lang='lat' dir='ltr'><strong>ll</strong></span> <span class='ocrx_word' id='word_1_142' title='bbox 492 2510 544 2558; x_wconf 74' lang='lat' dir='ltr'><strong>ota</strong></span> <span class='ocrx_word' id='word_1_143' title='bbox 563 2506 621 2559; x_wconf 85' lang='lat' dir='ltr'><strong>foto</strong></span> <span class='ocrx_word' id='word_1_144' title='bbox 642 2523 669 2559; x_wconf 87' lang='lat' dir='ltr'><strong>m</strong></span> <span class='ocrx_word' id='word_1_145' title='bbox 691 2505 701 2576; x_wconf 68' lang='lat' dir='ltr'><strong>ll</strong></span> <span class='ocrx_word' id='word_1_146' title='bbox 724 2511 776 2559; x_wconf 86' lang='grc'><strong>576</strong></span> <span class='ocrx_word' id='word_1_147' title='bbox 800 2506 833 2559; x_wconf 80' lang='lat' dir='ltr'><strong>dc</strong></span> <span class='ocrx_word' id='word_1_148' title='bbox 856 2506 942 2576; x_wconf 77' lang='lat' dir='ltr'><strong>digito</strong></span> <span class='ocrx_word' id='word_1_149' title='bbox 964 2507 1085 2560; x_wconf 80' lang='lat' dir='ltr'><strong>immisso</strong></span> <span class='ocrx_word' id='word_1_150' title='bbox 1109 2508 1155 2572; x_wconf 77' lang='lat' dir='ltr'><strong>(cu</strong></span> 
     </span>
     <span class='ocr_line' id='line_1_26' title="bbox 135 2575 1155 2646; baseline -0.001 -16"><span class='ocrx_word' id='word_1_151' title='bbox 135 2576 227 2631; x_wconf 72' lang='lat' dir='ltr'><strong>Cenat.</strong></span> <span class='ocrx_word' id='word_1_152' title='bbox 242 2578 308 2632; x_wconf 77' lang='lat' dir='ltr'><strong>viat.</strong></span> <span class='ocrx_word' id='word_1_153' title='bbox 318 2577 362 2644; x_wconf 84' lang='lat' dir='ltr'><strong>II,</strong></span> <span class='ocrx_word' id='word_1_154' title='bbox 371 2580 420 2644; x_wconf 77' lang='lat'><strong>24)</strong></span> <span class='ocrx_word' id='word_1_155' title='bbox 435 2578 555 2632; x_wconf 77' lang='lat' dir='ltr'><strong>Ioannes</strong></span> <span class='ocrx_word' id='word_1_156' title='bbox 568 2577 611 2642; x_wconf 89' lang='lat'><strong>11,</strong></span> <span class='ocrx_word' id='word_1_157' title='bbox 624 2581 660 2631; x_wconf 88' lang='lat'><strong>18</strong></span> <span class='ocrx_word' id='word_1_158' title='bbox 673 2580 742 2644; x_wconf 78' lang='lat' dir='ltr'><strong>(noa</strong></span> <span class='ocrx_word' id='word_1_159' title='bbox 756 2578 857 2644; x_wconf 57' lang='lat' dir='ltr'><strong>Praei:</strong></span> <span class='ocrx_word' id='word_1_160' title='bbox 872 2575 902 2630; x_wconf 83' lang='lat' dir='ltr'><strong>Si</strong></span> <span class='ocrx_word' id='word_1_161' title='bbox 916 2576 1002 2646; x_wconf 89' lang='lat' dir='ltr'><strong>digiti</strong></span> <span class='ocrx_word' id='word_1_162' title='bbox 1015 2575 1110 2631; x_wconf 81' lang='lat' dir='ltr'><strong>ffioati</strong></span> <span class='ocrx_word' id='word_1_163' title='bbox 1124 2576 1155 2629; x_wconf 92' lang='lat' dir='ltr'><strong>in</strong></span> 
     </span>
     <span class='ocr_line' id='line_1_27' title="bbox 135 2646 1155 2718; baseline -0.001 -16"><span class='ocrx_word' id='word_1_164' title='bbox 135 2646 259 2716; x_wconf 84' lang='lat' dir='ltr'><strong>gingivis</strong></span> <span class='ocrx_word' id='word_1_165' title='bbox 278 2648 369 2703; x_wconf 86' lang='lat' dir='ltr'><strong>fetent</strong></span> <span class='ocrx_word' id='word_1_166' title='bbox 387 2648 423 2703; x_wconf 85' lang='lat' dir='ltr'><strong>ds</strong></span> <span class='ocrx_word' id='word_1_167' title='bbox 441 2647 510 2701; x_wconf 81' lang='lat' dir='ltr'><strong>vitio</strong></span> <span class='ocrx_word' id='word_1_168' title='bbox 530 2649 573 2702; x_wconf 86' lang='lat' dir='ltr'><strong>est</strong></span> <span class='ocrx_word' id='word_1_169' title='bbox 592 2647 745 2717; x_wconf 88' lang='lat' dir='ltr'><strong>(sinthoma</strong></span> <span class='ocrx_word' id='word_1_170' title='bbox 763 2650 806 2702; x_wconf 86' lang='lat' dir='ltr'><strong>est</strong></span> <span class='ocrx_word' id='word_1_171' title='bbox 823 2648 957 2716; x_wconf 81' lang='lat' dir='ltr'><strong>Darmst.)</strong></span> <span class='ocrx_word' id='word_1_172' title='bbox 977 2647 1155 2718; x_wconf 87' lang='lat' dir='ltr'><strong>gingivarum</strong></span> 
     </span>
     <span class='ocr_line' id='line_1_28' title="bbox 134 2717 1156 2789; baseline 0.005 -19"><span class='ocrx_word' id='word_1_173' title='bbox 134 2717 182 2771; x_wconf 82' lang='lat' dir='ltr'><strong>vel</strong></span> <span class='ocrx_word' id='word_1_174' title='bbox 200 2718 335 2773; x_wconf 88' lang='lat' dir='ltr'><strong>dentium.</strong></span> <span class='ocrx_word' id='word_1_175' title='bbox 367 2717 459 2773; x_wconf 84' lang='lat' dir='ltr'><strong>Aliter</strong></span> <span class='ocrx_word' id='word_1_176' title='bbox 476 2719 561 2788; x_wconf 91' lang='lat' dir='ltr'><strong>putor</strong></span> <span class='ocrx_word' id='word_1_177' title='bbox 579 2719 633 2773; x_wconf 89' lang='lat' dir='ltr'><strong>erit</strong></span> <span class='ocrx_word' id='word_1_178' title='bbox 652 2719 687 2773; x_wconf 89' lang='lat' dir='ltr'><strong>de</strong></span> <span class='ocrx_word' id='word_1_179' title='bbox 705 2719 774 2774; x_wconf 81' lang='lat' dir='ltr'><strong>vitio</strong></span> <span class='ocrx_word' id='word_1_180' title='bbox 794 2719 941 2774; x_wconf 76' lang='lat' dir='ltr'><strong>stomachi.</strong></span> <span class='ocrx_word' id='word_1_181' title='bbox 974 2720 1092 2789; x_wconf 74' lang='lat' dir='ltr'><strong>planius</strong></span> <span class='ocrx_word' id='word_1_182' title='bbox 1110 2721 1156 2786; x_wconf 79' lang='lat' dir='ltr'><strong>(ex</strong></span> 
     </span>
     <span class='ocr_line' id='line_1_29' title="bbox 137 2789 1154 2859; baseline 0.002 -15"><span class='ocrx_word' id='word_1_183' title='bbox 137 2789 242 2859; x_wconf 71' lang='lat' dir='ltr'><strong>aaut.)</strong></span> <span class='ocrx_word' id='word_1_184' title='bbox 268 2791 478 2846; x_wconf 75' lang='lat' dir='ltr'><strong>Bartholomcue</strong></span> <span class='ocrx_word' id='word_1_185' title='bbox 504 2792 536 2844; x_wconf 80' lang='grc'><strong>55</strong></span> <span class='ocrx_word' id='word_1_186' title='bbox 559 2792 686 2859; x_wconf 69' lang='lat' dir='ltr'><strong>predica</strong></span> <span class='ocrx_word' id='word_1_187' title='bbox 714 2792 756 2859; x_wconf 81' lang='lat'><strong>(0.</strong></span> <span class='ocrx_word' id='word_1_188' title='bbox 779 2792 807 2846; x_wconf 83' lang='lat' dir='ltr'><strong>S.</strong></span> <span class='ocrx_word' id='word_1_189' title='bbox 828 2792 872 2857; x_wconf 91' lang='lat' dir='ltr'><strong>II,</strong></span> <span class='ocrx_word' id='word_1_190' title='bbox 894 2795 946 2845; x_wconf 77' lang='lat'><strong>174</strong></span> <span class='ocrx_word' id='word_1_191' title='bbox 966 2817 994 2836; x_wconf 93' lang='lat'>=</span> <span class='ocrx_word' id='word_1_192' title='bbox 1013 2792 1068 2857; x_wconf 87' lang='lat' dir='ltr'><strong>IV,</strong></span> <span class='ocrx_word' id='word_1_193' title='bbox 1089 2795 1154 2858; x_wconf 86' lang='grc'><strong>381)</strong></span> 
     </span>
     <span class='ocr_line' id='line_1_30' title="bbox 137 2860 1155 2944; baseline 0.003 -32"><span class='ocrx_word' id='word_1_194' title='bbox 137 2861 316 2944; x_wconf 86' lang='lat' dir='ltr'><strong>cognoscitur</strong></span> <span class='ocrx_word' id='word_1_195' title='bbox 330 2878 364 2916; x_wconf 85' lang='lat' dir='ltr'><strong>ex</strong></span> <span class='ocrx_word' id='word_1_196' title='bbox 378 2861 487 2915; x_wconf 75' lang='lat' dir='ltr'><strong>fricatis</strong></span> <span class='ocrx_word' id='word_1_197' title='bbox 502 2877 588 2930; x_wconf 89' lang='lat' dir='ltr'><strong>supra</strong></span> <span class='ocrx_word' id='word_1_198' title='bbox 602 2861 700 2931; x_wconf 89' lang='lat' dir='ltr'><strong>digitis</strong></span> <span class='ocrx_word' id='word_1_199' title='bbox 720 2864 749 2916; x_wconf 89' lang='lat' dir='ltr'><strong>et</strong></span> <span class='ocrx_word' id='word_1_200' title='bbox 767 2861 871 2916; x_wconf 91' lang='lat' dir='ltr'><strong>deinde</strong></span> <span class='ocrx_word' id='word_1_201' title='bbox 889 2860 1005 2916; x_wconf 90' lang='lat' dir='ltr'><strong>naribus</strong></span> <span class='ocrx_word' id='word_1_202' title='bbox 1025 2861 1155 2928; x_wconf 89' lang='lat' dir='ltr'><strong>admotis,</strong></span> 
     </span>
     <span class='ocr_line' id='line_1_31' title="bbox 136 2930 1155 3003; baseline 0.003 -19"><span class='ocrx_word' id='word_1_203' title='bbox 136 2930 241 3000; x_wconf 80' lang='lat' dir='ltr'><strong>quibus</strong></span> <span class='ocrx_word' id='word_1_204' title='bbox 263 2931 418 2986; x_wconf 83' lang='lat' dir='ltr'><strong>fetentibus</strong></span> <span class='ocrx_word' id='word_1_205' title='bbox 437 2948 472 2986; x_wconf 88' lang='lat' dir='ltr'><strong>ex</strong></span> <span class='ocrx_word' id='word_1_206' title='bbox 494 2933 617 3003; x_wconf 82' lang='lat' dir='ltr'><strong>gingivis</strong></span> <span class='ocrx_word' id='word_1_207' title='bbox 638 2934 749 2987; x_wconf 86' lang='lat' dir='ltr'><strong>constat</strong></span> <span class='ocrx_word' id='word_1_208' title='bbox 769 2948 829 2987; x_wconf 86' lang='lat' dir='ltr'><strong>esse</strong></span> <span class='ocrx_word' id='word_1_209' title='bbox 848 2932 974 2987; x_wconf 82' lang='lat' dir='ltr'><strong>fetorem.</strong></span> <span class='ocrx_word' id='word_1_210' title='bbox 1012 2935 1104 3002; x_wconf 77' lang='lat' dir='ltr'><strong>itaque</strong></span> <span class='ocrx_word' id='word_1_211' title='bbox 1122 2949 1155 2987; x_wconf 79' lang='lat' dir='ltr'><strong>cc</strong></span> 
     </span>
     <span class='ocr_line' id='line_1_32' title="bbox 137 3021 1099 3094; baseline 0 -19"><span class='ocrx_word' id='word_1_212' title='bbox 137 3022 238 3076; x_wconf 78' lang='lat' dir='ltr'><strong>Barth.</strong></span> <span class='ocrx_word' id='word_1_213' title='bbox 257 3021 380 3092; x_wconf 70' lang='lat' dir='ltr'><strong>Epidius</strong></span> <span class='ocrx_word' id='word_1_214' title='bbox 396 3021 406 3094; x_wconf 89' lang='grc' dir='ltr'><strong>ΙΙ</strong></span> <span class='ocrx_word' id='word_1_215' title='bbox 425 3026 477 3075; x_wconf 91' lang='grc'><strong>578</strong></span> <span class='ocrx_word' id='word_1_216' title='bbox 497 3021 657 3090; x_wconf 88' lang='lat' dir='ltr'><strong>applicatus</strong></span> <span class='ocrx_word' id='word_1_217' title='bbox 676 3041 703 3077; x_wconf 86' lang='lat' dir='ltr'><strong>m</strong></span> <span class='ocrx_word' id='word_1_218' title='bbox 720 3021 731 3094; x_wconf 74' lang='lat' dir='ltr'><strong>ll</strong></span> <span class='ocrx_word' id='word_1_219' title='bbox 749 3027 800 3076; x_wconf 91' lang='grc'><strong>579</strong></span> <span class='ocrx_word' id='word_1_220' title='bbox 819 3022 881 3076; x_wconf 80' lang='lat' dir='ltr'><strong>visu</strong></span> <span class='ocrx_word' id='word_1_221' title='bbox 899 3023 933 3091; x_wconf 90' lang='lat' dir='ltr'><strong>pt</strong></span> <span class='ocrx_word' id='word_1_222' title='bbox 951 3036 996 3075; x_wconf 90' lang='lat' dir='ltr'><strong>res</strong></span> <span class='ocrx_word' id='word_1_223' title='bbox 1014 3021 1065 3075; x_wconf 90' lang='lat' dir='ltr'><strong>illa</strong></span> <span class='ocrx_word' id='word_1_224' title='bbox 1084 3022 1099 3075; x_wconf 92' lang='grc'><strong>5</strong></span> 
     </span>
    </p>

    <p class='ocr_par' dir='ltr' id='par_1_9' title="bbox 136 3092 1154 3303">
     <span class='ocr_line' id='line_1_33' title="bbox 209 3092 1154 3164; baseline -0.001 -18"><span class='ocrx_word' id='word_1_225' title='bbox 209 3097 262 3146; x_wconf 88' lang='grc'><strong>580</strong></span> <span class='ocrx_word' id='word_1_226' title='bbox 280 3094 355 3148; x_wconf 59' lang='lat' dir='ltr'><strong>neb.</strong></span> <span class='ocrx_word' id='word_1_227' title='bbox 375 3092 417 3148; x_wconf 88' lang='lat' dir='ltr'><strong>De</strong></span> <span class='ocrx_word' id='word_1_228' title='bbox 441 3092 587 3163; x_wconf 87' lang='lat' dir='ltr'><strong>sanguinis</strong></span> <span class='ocrx_word' id='word_1_229' title='bbox 610 3095 722 3147; x_wconf 87' lang='lat' dir='ltr'><strong>narium</strong></span> <span class='ocrx_word' id='word_1_230' title='bbox 745 3093 835 3146; x_wconf 87' lang='lat' dir='ltr'><strong>fluxus</strong></span> <span class='ocrx_word' id='word_1_231' title='bbox 859 3093 947 3164; x_wconf 91' lang='lat' dir='ltr'><strong>signis</strong></span> <span class='ocrx_word' id='word_1_232' title='bbox 971 3094 1000 3146; x_wconf 91' lang='lat' dir='ltr'><strong>et</strong></span> <span class='ocrx_word' id='word_1_233' title='bbox 1019 3092 1111 3147; x_wconf 81' lang='lat' dir='ltr'><strong>causis</strong></span> <span class='ocrx_word' id='word_1_234' title='bbox 1131 3093 1154 3159; x_wconf 86' lang='lat' dir='ltr'><strong>b,</strong></span> 
     </span>
     <span class='ocr_line' id='line_1_34' title="bbox 136 3163 1154 3234; baseline -0.001 -17"><span class='ocrx_word' id='word_1_235' title='bbox 136 3163 179 3218; x_wconf 83' lang='lat' dir='ltr'><strong>De</strong></span> <span class='ocrx_word' id='word_1_236' title='bbox 197 3163 275 3218; x_wconf 85' lang='lat' dir='ltr'><strong>fluxu</strong></span> <span class='ocrx_word' id='word_1_237' title='bbox 298 3165 443 3234; x_wconf 86' lang='lat' dir='ltr'><strong>sanguinis</strong></span> <span class='ocrx_word' id='word_1_238' title='bbox 467 3181 483 3218; x_wconf 93' lang='lat' dir='ltr'><strong>e</strong></span> <span class='ocrx_word' id='word_1_239' title='bbox 505 3180 622 3218; x_wconf 82' lang='lat' dir='ltr'><strong>narinus</strong></span> <span class='ocrx_word' id='word_1_240' title='bbox 645 3183 673 3219; x_wconf 86' lang='lat' dir='ltr'><strong>m</strong></span> <span class='ocrx_word' id='word_1_241' title='bbox 691 3167 736 3232; x_wconf 79' lang='lat' dir='ltr'><strong>(in</strong></span> <span class='ocrx_word' id='word_1_242' title='bbox 758 3181 811 3233; x_wconf 81' lang='lat' dir='ltr'><strong>qao</strong></span> <span class='ocrx_word' id='word_1_243' title='bbox 832 3166 918 3219; x_wconf 78' lang='lat' dir='ltr'><strong>initia</strong></span> <span class='ocrx_word' id='word_1_244' title='bbox 940 3181 1067 3219; x_wconf 74' lang='lat' dir='ltr'><strong>veracem</strong></span> <span class='ocrx_word' id='word_1_245' title='bbox 1084 3180 1154 3232; x_wconf 82' lang='lat' dir='ltr'><strong>seqq.</strong></span> 
     </span>
     <span class='ocr_line' id='line_1_35' title="bbox 136 3234 1154 3303; baseline -0.003 -11"><span class='ocrx_word' id='word_1_246' title='bbox 136 3237 278 3292; x_wconf 69' lang='grc'><strong>5555557555</strong></span> <span class='ocrx_word' id='word_1_247' title='bbox 300 3237 455 3303; x_wconf 65' lang='lat' dir='ltr'><strong>istasunt).</strong></span> <span class='ocrx_word' id='word_1_248' title='bbox 495 3234 639 3289; x_wconf 88' lang='lat' dir='ltr'><strong>interdum</strong></span> <span class='ocrx_word' id='word_1_249' title='bbox 662 3237 690 3289; x_wconf 87' lang='lat' dir='ltr'><strong>vi</strong></span> <span class='ocrx_word' id='word_1_250' title='bbox 712 3237 812 3289; x_wconf 72' lang='lat' dir='ltr'><strong>natum</strong></span> <span class='ocrx_word' id='word_1_251' title='bbox 886 3234 1020 3288; x_wconf 86' lang='lat' dir='ltr'><strong>salutaris</strong></span> <span class='ocrx_word' id='word_1_252' title='bbox 1042 3240 1089 3289; x_wconf 78' lang='lat' dir='ltr'><strong>etc.</strong></span> <span class='ocrx_word' id='word_1_253' title='bbox 1114 3236 1154 3289; x_wconf 86' lang='lat'><strong>10.</strong></span> 
     </span>
    </p>
   </div>
   <div class='ocr_carea' id='block_1_5' title="bbox 137 3319 1156 3628">
    <p class='ocr_par' dir='ltr' id='par_1_10' title="bbox 137 3319 1156 3628">
     <span class='ocr_line' id='line_1_36' title="bbox 137 3319 1155 3414; baseline -0.001 -18"><span class='ocrx_word' id='word_1_254' title='bbox 137 3344 238 3411; x_wconf 84' lang='lat'><strong><em>11,15</em></strong></span> <span class='ocrx_word' id='word_1_255' title='bbox 258 3345 262 3414; x_wconf 86' lang='grc' dir='ltr'>Ι</span> <span class='ocrx_word' id='word_1_256' title='bbox 283 3349 402 3412; x_wconf 80' lang='lat' dir='ltr'><strong>cruperis</strong></span> <span class='ocrx_word' id='word_1_257' title='bbox 420 3360 459 3397; x_wconf 84' lang='lat' dir='ltr'><strong>m:</strong></span> <span class='ocrx_word' id='word_1_258' title='bbox 479 3343 618 3411; x_wconf 83' lang='lat' dir='ltr'><strong>eruptiab</strong></span> <span class='ocrx_word' id='word_1_259' title='bbox 640 3342 651 3414; x_wconf 74' lang='grc' dir='ltr'><strong>ΙΙ</strong></span> <span class='ocrx_word' id='word_1_260' title='bbox 673 3347 724 3396; x_wconf 87' lang='grc'><strong>581</strong></span> <span class='ocrx_word' id='word_1_261' title='bbox 744 3344 847 3395; x_wconf 82' lang='lat' dir='ltr'><strong>natura</strong></span> <span class='ocrx_word' id='word_1_262' title='bbox 866 3343 882 3397; x_wconf 96' lang='grc'><strong>5</strong></span> <span class='ocrx_word' id='word_1_263' title='bbox 901 3319 941 3412; x_wconf 82' lang='lat' dir='ltr'><strong>(ii)</strong></span> <span class='ocrx_word' id='word_1_264' title='bbox 959 3340 969 3413; x_wconf 73' lang='lat' dir='ltr'><strong>ll</strong></span> <span class='ocrx_word' id='word_1_265' title='bbox 987 3345 1038 3396; x_wconf 76' lang='lat'><strong>682</strong></span> <span class='ocrx_word' id='word_1_266' title='bbox 1057 3342 1155 3396; x_wconf 91' lang='lat' dir='ltr'><strong>morbo</strong></span> 
     </span>
     <span class='ocr_line' id='line_1_37' title="bbox 139 3411 1155 3486; baseline -0.003 -17"><span class='ocrx_word' id='word_1_267' title='bbox 139 3419 172 3469; x_wconf 82' lang='grc'><strong>55</strong></span> <span class='ocrx_word' id='word_1_268' title='bbox 191 3416 220 3469; x_wconf 88' lang='lat' dir='ltr'><strong>b:</strong></span> <span class='ocrx_word' id='word_1_269' title='bbox 239 3413 331 3468; x_wconf 92' lang='lat' dir='ltr'><strong>morbi</strong></span> <span class='ocrx_word' id='word_1_270' title='bbox 351 3420 432 3469; x_wconf 71' lang='lat' dir='ltr'><strong>ca&#39;um</strong></span> <span class='ocrx_word' id='word_1_271' title='bbox 450 3431 478 3469; x_wconf 88' lang='lat' dir='ltr'><strong>m</strong></span> <span class='ocrx_word' id='word_1_272' title='bbox 500 3413 510 3486; x_wconf 72' lang='lat' dir='ltr'><strong>ll</strong></span> <span class='ocrx_word' id='word_1_273' title='bbox 532 3417 584 3468; x_wconf 88' lang='grc'><strong>585</strong></span> <span class='ocrx_word' id='word_1_274' title='bbox 605 3430 681 3468; x_wconf 83' lang='lat' dir='ltr'><strong>eum:</strong></span> <span class='ocrx_word' id='word_1_275' title='bbox 700 3429 751 3468; x_wconf 86' lang='lat' dir='ltr'><strong>om.</strong></span> <span class='ocrx_word' id='word_1_276' title='bbox 771 3431 797 3468; x_wconf 87' lang='lat' dir='ltr'><strong>m</strong></span> <span class='ocrx_word' id='word_1_277' title='bbox 814 3418 818 3483; x_wconf 79' lang='grc' dir='ltr'>ί</span> <span class='ocrx_word' id='word_1_278' title='bbox 833 3420 869 3468; x_wconf 77' lang='grc' dir='ltr'><strong>ῐῑο</strong></span> <span class='ocrx_word' id='word_1_279' title='bbox 891 3415 984 3482; x_wconf 88' lang='lat' dir='ltr'><strong>(nnnc)</strong></span> <span class='ocrx_word' id='word_1_280' title='bbox 1002 3431 1028 3467; x_wconf 84' lang='lat' dir='ltr'><strong>v.</strong></span> <span class='ocrx_word' id='word_1_281' title='bbox 1047 3411 1155 3481; x_wconf 84' lang='lat' dir='ltr'><strong>repleto</strong></span> 
     </span>
     <span class='ocr_line' id='line_1_38' title="bbox 137 3483 1156 3559; baseline -0.004 -19"><span class='ocrx_word' id='word_1_282' title='bbox 137 3504 176 3540; x_wconf 79' lang='lat' dir='ltr'><strong>m:</strong></span> <span class='ocrx_word' id='word_1_283' title='bbox 196 3490 233 3540; x_wconf 80' lang='grc'><strong>55</strong></span> <span class='ocrx_word' id='word_1_284' title='bbox 251 3505 277 3541; x_wconf 83' lang='lat' dir='ltr'><strong>v.</strong></span> <span class='ocrx_word' id='word_1_285' title='bbox 295 3502 422 3555; x_wconf 86' lang='lat' dir='ltr'><strong>represso</strong></span> <span class='ocrx_word' id='word_1_286' title='bbox 441 3486 457 3540; x_wconf 96' lang='grc'><strong>5</strong></span> <span class='ocrx_word' id='word_1_287' title='bbox 474 3485 484 3559; x_wconf 74' lang='lat' dir='ltr'><strong>ll</strong></span> <span class='ocrx_word' id='word_1_288' title='bbox 502 3490 554 3539; x_wconf 82' lang='grc'><strong>585</strong></span> <span class='ocrx_word' id='word_1_289' title='bbox 574 3491 608 3539; x_wconf 80' lang='lat' dir='ltr'><strong>cu</strong></span> <span class='ocrx_word' id='word_1_290' title='bbox 627 3485 705 3539; x_wconf 90' lang='lat' dir='ltr'><strong>uicta</strong></span> <span class='ocrx_word' id='word_1_291' title='bbox 723 3492 870 3554; x_wconf 72' lang='lat' dir='ltr'><strong>graumie</strong></span> <span class='ocrx_word' id='word_1_292' title='bbox 889 3483 978 3537; x_wconf 89' lang='lat' dir='ltr'><strong>multo</strong></span> <span class='ocrx_word' id='word_1_293' title='bbox 997 3501 1036 3536; x_wconf 86' lang='lat' dir='ltr'><strong>m:</strong></span> <span class='ocrx_word' id='word_1_294' title='bbox 1062 3484 1156 3546; x_wconf 81' lang='lat' dir='ltr'><strong>9lucta</strong></span> 
     </span>
     <span class='ocr_line' id='line_1_39' title="bbox 140 3556 704 3628; baseline -0.002 -17"><span class='ocrx_word' id='word_1_295' title='bbox 140 3558 311 3628; x_wconf 87' lang='lat' dir='ltr'><strong>(coniuncta)</strong></span> <span class='ocrx_word' id='word_1_296' title='bbox 330 3558 481 3628; x_wconf 81' lang='lat' dir='ltr'><strong>gravedine</strong></span> <span class='ocrx_word' id='word_1_297' title='bbox 500 3556 590 3610; x_wconf 90' lang='lat' dir='ltr'><strong>multo</strong></span> <span class='ocrx_word' id='word_1_298' title='bbox 610 3558 669 3625; x_wconf 79' lang='lat' dir='ltr'><strong>(sic)</strong></span> <span class='ocrx_word' id='word_1_299' title='bbox 689 3557 704 3610; x_wconf 92' lang='grc'><strong>5</strong></span> 
     </span>
    </p>
   </div>
   <div class='ocr_carea' id='block_1_6' title="bbox 0 0 1299 3900">
    <p class='ocr_par' dir='ltr' id='par_1_11' title="bbox 0 0 1299 3900">
     <span class='ocr_line' id='line_1_40' title="bbox 0 0 1299 3900; baseline 0 0"><span class='ocrx_word' id='word_1_300' title='bbox 0 0 1299 3900; x_wconf 95' lang='lat' dir='ltr'><strong> </strong></span> 
     </span>
    </p>
   </div>
  </div>
 </body>
</html>
