2584 3900
189 101 233 164 30
640 93 753 148 ociori

190 247 331 306 collectus
354 245 473 305 cohibet
495 264 589 305 venae
611 245 763 321 pulsatilis
786 247 893 321 ictum,

190 335 341 394 subtrahit
363 336 466 394 urinae
489 335 616 395 formam
639 335 824 411 nimiumque
848 338 969 410 coloris,

190 424 338 483 deformat
361 425 479 483 vultum
499 424 637 483 minuens
659 423 757 502 ignita
779 424 896 484 ruboris

132 531 170 570 roo
190 515 290 592 signa,
312 514 411 573 locum
433 513 556 592 signans
578 514 710 589 pallente
733 514 830 572 colore
853 512 1011 574 dolentem.

189 603 327 662 humores
350 621 461 679 aqueos
484 603 622 663 morbum
645 621 786 680 generare
808 603 921 663 fatetur

190 691 295 769 pulsus
317 692 474 766 mollities,
496 691 618 770 pinguis
641 692 711 750 faex
733 691 900 769 sanguinis,
924 695 984 753 oris

189 779 314 858 insipidi
336 784 456 860 gustus,
479 783 561 841 locus
584 781 615 839 in
639 801 698 857 quo
720 781 814 841 laesio
838 782 943 842 cedens

190 870 320 930 tactibus
344 874 436 947 atque
460 871 545 930 dolor
568 871 659 930 deses.
696 869 850 930 rarissima
872 889 963 930 causa

133 979 172 1018 uo
191 963 303 1020 terreus
327 962 372 1019 est
394 959 514 1035 humor,
537 961 639 1018 tamen
662 961 724 1019 aori
745 964 845 1019 mente
867 960 986 1035 require

191 1069 267 1126 quae
291 1051 364 1110 nota
386 1067 463 1125 quae
487 1048 586 1128 aguet
607 1050 683 1108 hano
708 1049 933 1110 circumstantia
955 1068 1085 1109 causam.

191 1138 327 1198 omnibus
351 1137 397 1198 his
421 1138 520 1198 causis
544 1138 660 1197 confert
682 1157 760 1214 quae
783 1139 861 1212 vita,
885 1139 953 1216 quis
976 1140 1051 1198 insit

191 1247 291 1304 sexus,
316 1229 397 1304 quod
419 1230 550 1305 tempus,
575 1246 652 1303 quae
676 1227 717 1287 sit
739 1227 917 1304 complexio,
941 1247 1018 1305 quae
1041 1248 1111 1305 pars

191 1319 301 1378 aetatis
322 1318 371 1377 vel
394 1317 468 1393 quid
490 1317 586 1393 possit
608 1318 719 1375 natura
741 1316 854 1375 localis.

133 1425 171 1464 ui
263 1407 368 1486 Signat
391 1405 628 1482 emoptoicam
651 1406 773 1484 sanguis
796 1408 974 1466 commercia
997 1406 1121 1484 signans

191 1515 258 1554 cum
281 1498 379 1573 sputo.
417 1514 491 1572 qua,
514 1515 660 1555 venarum
682 1513 825 1572 compage
848 1495 962 1568 soluta,

190 1585 300 1661 triplex
323 1584 450 1662 emergit
471 1603 565 1644 casus.
602 1604 673 1643 nam
696 1602 769 1644 vasa
791 1584 906 1643 relaxat

190 1675 298 1732 humor
321 1675 535 1733 anastomasim
558 1673 685 1745 faciens,
706 1692 760 1732 nec
783 1672 869 1751 signa
893 1673 1003 1733 dolon’s

191 1765 344 1840 exponunt
366 1781 426 1838 quo
449 1782 527 1822 vena
549 1763 615 1822 loco
638 1764 740 1822 laxata
762 1763 875 1822 fluenta

134 1871 173 1910 uo
192 1853 348 1931 sanguinis
371 1853 505 1926 emittat,
527 1871 663 1928 puroque
686 1853 784 1912 colore
806 1853 923 1910 retento

191 1941 314 2020 sanguis
337 1960 392 2018 pus
415 1942 519 2001 nescit.
556 1941 638 2001 calor
660 1942 779 2019 ingens,
802 1943 901 2000 motus
924 1940 1112 2000 habundans.

190 2033 269 2091 hanc
290 2032 398 2090 humor
420 2049 542 2090 causam
564 2033 695 2109 generat
732 2031 829 2091 sociat
851 2029 909 2090 sibi
931 2028 1019 2106 ptisis

190 2123 362 2197 rupturam,
385 2139 439 2196 per
462 2139 553 2196 quam
576 2120 743 2197 deperdunt
765 2119 888 2179 vascula
910 2120 1002 2196 rupta

191 2209 303 2286 pabula
325 2208 533 2268 membrorum.
571 2209 743 2269 describunt
766 2209 853 2287 signa
876 2207 976 2268 soluto

134 2315 172 2356 rei
192 2297 333 2358 continuo
357 2316 416 2374 quo
439 2317 515 2357 vena
538 2299 604 2357 loco
627 2299 668 2357 sit
689 2300 793 2374 rupta,
817 2297 928 2357 doloris

190 2387 303 2446 iudicio
326 2388 498 2462 praestante
521 2387 617 2448 fidem.
655 2387 824 2446 substantia
847 2405 924 2462 pura

264 2652 315 2700 702
339 2645 459 2716 pulsatis
485 2663 511 2699 m
536 2646 545 2718 ll
573 2651 624 2699 700
648 2645 793 2713 nimiisque
817 2647 845 2700 b:
870 2645 1045 2712 minimique
1070 2662 1098 2698 m
1121 2644 1132 2716 ll
1157 2645 1205 2696 708
1268 2687 1269 2707 ,

193 2719 294 2772 cedens
313 2719 341 2772 b:
364 2717 461 2772 ledens
479 2735 507 2771 m
529 2716 538 2789 11
563 2722 614 2770 709
633 2715 790 2770 rarissima:
814 2733 969 2784 numquam
988 2732 1022 2770 ex
1039 2713 1205 2770 melancolia
1268 2709 1269 2788 l

192 2791 276 2855 Plau,
299 2805 334 2843 ex
355 2787 524 2844 melancolia
546 2804 611 2842 vero
635 2788 693 2842 fere
716 2804 870 2856 numquam
894 2789 934 2842 10.
965 2788 967 2858 l
993 2792 1045 2841 710
1067 2789 1101 2841 tri
1124 2789 1151 2842 b:
1176 2785 1205 2836 00
1268 2797 1269 2812 ¹

193 2862 272 2929 (tam)
290 2879 317 2914 m
337 2859 346 2932 Η
370 2866 420 2915 711
441 2877 495 2929 que
514 2867 560 2915 etc.
581 2878 619 2914 m:
639 2862 668 2913 et
687 2860 754 2913 nota
774 2875 828 2928 que
847 2860 942 2928 signat
981 2875 1012 2912 ec
1031 2859 1070 2928 (h)
1091 2859 1204 2913 circum·
1268 2873 1269 2952 p

193 2931 303 2985 stancia
321 2948 435 2986 causam
455 2933 470 2986 0
1268 2953 1269 2956 “

264 3007 316 3056 710
334 3005 409 3057 rubr.
425 3003 466 3057 De
484 3004 630 3072 cmoptoys
650 3002 742 3056 causis
761 3004 790 3056 et
809 3002 898 3071 signis
917 3002 946 3056 00
965 2999 1111 3068 speciebus
1130 3001 1154 3067 0,
1173 2997 1203 3050 de

193 3072 351 3130 emathoica
373 3074 503 3142 passione
521 3093 549 3128 m
564 3077 569 3142 Ι
586 3073 781 3142 emothoyoam
799 3092 835 3140 m,
854 3074 1022 3142 cmoptoyou
1040 3073 1056 3127 b
1072 3073 1077 3140 Ι
1093 3072 1202 3142 signans

192 3165 231 3202 m:
255 3144 379 3199 fluxusb
402 3144 411 3216 ll
435 3150 485 3198 716
505 3161 573 3213 qua:
594 3160 679 3213 quam
698 3146 741 3199 mb
761 3148 791 3214 (0
809 3146 839 3212 b,
861 3149 918 3213 qua
937 3146 972 3212 m)
995 3143 1005 3216 Η
1028 3149 1078 3197 717
1099 3143 1202 3197 causat

193 3218 293 3286 (eodem
325 3217 483 3285 compendio
514 3217 593 3282 infra
624 3233 649 3270 0.
669 3219 740 3284 728).
787 3217 821 3283 cf.
846 3217 887 3271 10.
911 3213 1081 3286 generaliter
1112 3216 1202 3268 tamen

192 3287 296 3356 triplex
322 3289 364 3341 000
390 3303 475 3341 00000
498 3286 509 3358 ll
534 3292 585 3340 718
612 3288 814 3341 anastomasim
839 3288 896 3357 (aio)
921 3287 964 3340 0ιο
989 3287 1033 3356 (cf.
1057 3287 1138 3341 Alea.
1161 3299 1200 3354 op·

193 3394 259 3447 Sem.
274 3411 294 3447 0.
308 3397 343 3461 0.)
362 3393 372 3466 ,Ι
391 3398 442 3446 720
461 3363 550 3446 existat
568 3393 612 3446 mb
632 3393 641 3462 0
666 3397 715 3445 701
736 3391 813 3444 calor
831 3393 858 3446 b:
880 3391 955 3445 color
973 3411 1000 3446 m
1022 3392 1031 3462 ll
1055 3384 1105 3445 702
1125 3389 1200 3461 ptisis

194 3464 222 3517 b:
241 3463 315 3516 rixas
334 3483 360 3518 m
378 3464 387 3536 ΙΙ
407 3469 458 3517 ‘lae
478 3462 585 3532 depdut
605 3465 632 3517 b:
654 3461 858 3530 dependentia
