2584 3900
179 173 202 238 4
630 171 744 224 scinu

253 321 450 398 Flegmatis
474 320 629 397 insipidi
653 319 837 381 sinthomata
860 322 1115 398 praedominantis

179 413 252 470 haec
275 410 332 470 tibi
355 410 442 487 signa
465 408 589 468 dabunt.
634 429 725 486 sapor
746 410 908 487 insipidus,
932 411 1022 471 faciei

180 500 297 577 pellens
320 498 439 574 albedo,
462 501 586 559 ventosa
608 499 724 558 inflatio
748 501 860 560 ventris

180 593 211 649 et
233 590 375 663 laterum,
399 588 483 648 dolor
506 589 643 664 occipitia
665 588 820 665 partisque
845 591 996 665 sinistrae,

136 699 161 739 as
181 678 220 739 ad
243 697 382 754 sompnos
405 697 488 738 mens
513 677 648 753 decfiviS,
671 679 820 738 tardantis
844 678 882 738 ad
906 682 1007 739 actum

180 771 264 828 artus
288 766 443 845 segnities,
466 787 570 826 renum
592 785 745 844 pressura,
768 767 913 828 vacillans

179 858 225 918 vis
248 855 441 934 disgestivae‚
464 855 636 932 madidique
658 857 786 916 infamia
807 860 887 932 nasi,

179 946 271 1007 tortio
295 946 342 1005 vel
365 966 501 1004 murmur
524 946 684 1020 stomachi,
708 947 879 1022 sputamina
902 948 1011 1022 multa,

179 1054 305 1110 nausea,
328 1034 355 1095 si
377 1036 492 1111 repleat
514 1035 702 1094 stomachum
723 1036 855 1095 ructatio
878 1036 983 1111 cruda,

135 1147 161 1186 so
179 1125 320 1185 mollities
343 1125 406 1183 ran'
428 1125 532 1200 pulsus
556 1125 705 1184 tardantis
728 1125 767 1184 ad
790 1127 904 1200 actirm,

179 1232 310 1275 secessus
334 1212 432 1287 fluidi,
455 1232 521 1272 cum
545 1213 751 1292 muscillagine
774 1214 868 1274 mixta

179 1304 271 1363 cruda
294 1302 498 1380 superfluitas,
521 1304 618 1379 epatis
641 1303 811 1363 substantia
833 1303 943 1380 spissa,

179 1411 283 1453 sensus
305 1391 408 1467 hebes,
430 1393 522 1452 facies
544 1392 663 1466 inflata,
686 1392 817 1470 gravedo
840 1395 1015 1467 molestans,

179 1483 315 1560 sompnia
337 1482 385 1542 vel
408 1482 527 1560 fingunt
547 1481 658 1540 imbres
680 1482 729 1541 vel
750 1481 876 1541 flumina
898 1482 1036 1541 fundunt.

134 1593 160 1631 ss
250 1571 390 1645 Punctio,
413 1572 561 1646 prurituS‚
585 1571 700 1630 salsedo
723 1571 819 1631 tincta
842 1572 939 1631 colore

178 1679 299 1738 prorsus
323 1658 445 1734 citrino,
467 1659 610 1718 mediocri
633 1661 730 1736 spissa
752 1661 868 1736 liquore

179 1751 309 1826 quatuor
331 1749 491 1806 humorum
513 1749 592 1823 faex,
616 1768 708 1808 venae
732 1749 840 1809 fortior
861 1751 941 1809 ictus
1267 1811 1268 1820 ,

178 1839 341 1916 pulsantia,
365 1837 430 1896 sitis
455 1837 591 1912 affectus,
615 1837 746 1897 defectus
771 1837 890 1913 edendi,
1267 1833 1268 1921 l

178 1927 365 2006 flegmatis
388 1928 462 1986 haec
485 1926 574 1986 salsi
597 1928 659 1986 vim
682 1929 805 2004 signant
826 1927 1090 2005 praedominantis.

133 2039 160 2075 40
251 2015 438 2076 Crescentem
461 2016 573 2093 promit
596 2017 774 2076 dulcorem
800 2018 986 2095 flegmatis
1011 2017 1070 2077 oris

178 2106 317 2180 dulcedo,
340 2106 448 2166 frontis
472 2106 619 2185 gravitas,
642 2107 748 2182 pulsus
770 2105 924 2166 muliebris

177 2196 334 2269 mollitiae,
357 2215 446 2271 quem
469 2195 625 2255 confirmat
647 2195 807 2256 violentior
829 2195 907 2256 ictus

177 2303 246 2344 raro
269 2283 440 2359 succedens,
464 2286 571 2343 citrino
594 2285 690 2344 tincta
713 2286 810 2344 colore

178 2372 302 2452 spissior
324 2374 429 2432 urinae
453 2374 635 2449 substantia,
659 2394 735 2433 vena
757 2377 933 2433 tumescens.

133 2482 159 2521 45
251 2463 359 2542 Signat
382 2465 565 2522 acetosum
588 2462 736 2522 dominari
759 2463 892 2541 flegma
914 2462 1056 2522 remissus

177 2554 281 2612 urinae
303 2552 403 2629 pallor
425 2552 555 2628 quodam
577 2551 778 2612 moderamine
800 2552 936 2631 pinguis,

249 2694 283 2742 21
301 2689 377 2742 reor.
393 2687 480 2756 Signa
494 2686 634 2756 flegmatis
652 2687 845 2741 habundantia
859 2686 910 2740 XX
924 2705 958 2741 m.
987 2688 1031 2742 Ab
1049 2687 1190 2742 sannam

178 2759 353 2814 abundantia
374 2760 497 2827 pcccati
518 2759 627 2813 orditur
648 2760 712 2814 item
730 2761 771 2814 Ic.
792 2760 826 2813 de
848 2759 875 2814 S.
894 2759 986 2814 Paulo
1008 2760 1040 2813 ιἰι
1058 2759 1192 2814 uesano

178 2836 205 2884 ct
222 2830 311 2898 (apic
329 2830 374 2884 Dc
392 2831 482 2885 Reuzi
500 2830 530 2886 0.
545 2830 573 2885 S.
588 2831 609 2883 1
612 2831 642 2896 V,
652 2835 706 2885 419
723 2833 758 2898 cf.
775 2832 849 2886 Vera.
868 2831 917 2884 der
933 2831 1044 2886 Lctein.
1060 2830 1125 2886 Hes.
1145 2831 1192 2886 der

179 2901 244 2971 Kys.
255 2901 329 2956 Bibl.
345 2917 380 2954 sc
394 2901 495 2956 Berlin
509 2903 610 2968 I,370)
625 2901 834 2958 Arctimctheus
848 2904 895 2970 (cf.
908 2903 990 2956 etiam
997 2901 1095 2958 Versus
1109 2903 1192 2958 nudi-

177 2972 281 3026 ciacles
298 2973 375 3040 apud
393 2973 437 3026 De
455 2974 545 3027 Restat
563 2973 592 3029 0.
608 2973 634 3027 S.
652 2973 677 3026 V
686 2990 714 3042 p.
725 2977 845 3041 56-58)
867 2972 877 3046 ΙΙ
903 2977 936 3027 25
957 2973 993 3026 ad
1012 2974 1141 3042 (actum):
1165 2975 1192 3027 et

177 3061 204 3098 m
221 3042 232 3114 Η
251 3049 283 3097 2⁸1
299 3042 462 3111 madidique
476 3043 607 3097 infamia:
623 3043 732 3097 madidi
746 3044 872 3099 infancia
886 3046 944 3114 (sic)
959 3063 985 3099 m
1000 3043 1011 3116 Η
1027 3049 1061 3099 28
1075 3045 1191 3099 tortiol:

177 3117 241 3169 tcto
261 3118 422 3185 (ctrcmemo
436 3117 542 3184 partim
560 3116 668 3184 detrito)
687 3133 714 3170 m
732 3115 742 3188 Η
761 3121 794 3170 30
813 3115 971 3185 tantautis(
991 3117 1061 3184 ')m
1077 3118 1081 3185 Ι
1098 3119 1189 3170 actum

178 3191 219 3256 (ut
236 3189 295 3254 25):
311 3185 425 3259 Jslsctum
446 3205 472 3242 m
496 3186 506 3258 Ιὶ
530 3192 561 3241 31
582 3187 792 3258 museillagine:
810 3188 846 3256 cf.
866 3195 921 3243 cat.
943 3187 988 3255 (de
1006 3203 1091 3257 corap.
1111 3190 1191 3258 med.)

177 3263 203 3326 3,
218 3257 303 3384 mii
327 3263 361 3312 34
379 3259 414 3324 cf.
430 3259 516 3313 Schol.
533 3259 590 3314 Sal.
605 3277 629 3314 c.
641 3264 711 3314 1996
721 3261 756 3314 R.
776 3260 856 3330 (visio
875 3275 985 3328 quoque
1007 3275 1144 3328 aquarum
1163 3261 1190 3314 in

177 3332 260 3384 nocte
296 3346 319 3385 o.
334 3330 367 3384 de
386 3329 413 3384 S.
428 3330 529 3396 Paulo)

250 3407 284 3455 tt
302 3401 377 3455 mbr.
397 3400 484 3470 Signa
502 3399 695 3453 habundantia
713 3400 853 3469 flegmatis
871 3400 978 3454 salsiV
996 3420 1023 3455 m

248 3477 284 3527 40
302 3473 378 3526 mbr.
397 3471 485 3539 Signa
502 3470 643 3539 flegmatis
661 3469 854 3524 habundantia
872 3470 962 3524 dulcis
980 3491 1007 3526 ιιι

251 3547 284 3596 45
302 3543 376 3596 rubr.
397 3542 502 3596 acctosi
520 3540 662 3608 flegmatis
680 3541 761 3608 signa
779 3540 818 3592 ΙΧ
837 3559 863 3594 ιιι
