2584 3900
158 190 201 256 24
607 187 720 242 EGIDII

157 337 328 415 producunt
350 337 468 398 infirma
491 356 597 413 novoe,
621 339 818 416 fragilemque
841 341 1001 400 senectam

159 427 289 487 crebrius
312 426 361 486 hic
383 426 478 487 laedit
501 429 626 487 occasio.
663 426 754 486 durus
777 427 899 487 inermis

158 518 277 593 pulsus,
299 516 443 577 livescens
465 516 571 591 facies,
593 518 681 576 urina
704 518 810 577 coloris

101 623 140 662 ceo
158 605 259 665 nescia
282 624 372 681 quam
394 606 492 665 tenuis
517 604 618 682 signet
640 605 811 666 substantia
833 607 969 682 crudam,
1043 663 1045 666 .

158 695 219 754 ista
241 694 451 757 melancolicis.
488 694 626 771 specialis
649 713 740 755 causa
762 714 923 773 gravamen

160 788 352 862 approperat,
375 784 485 844 minuit
506 784 618 843 flumem
640 784 821 860 sputaminis
844 787 907 844 acii

160 873 245 933 arida
267 872 420 947 materies,
442 872 559 932 modico
582 873 706 932 maxilla
728 877 844 933 tumore

160 964 299 1041 erigitur,
323 981 415 1039 quam
438 961 563 1022 durities
585 961 703 1022 intensa
726 964 878 1042 vigentem

103 1068 141 1108 ees
162 1052 261 1112 efficit.
300 1052 386 1131 algor
411 1051 508 1126 obest,
532 1053 646 1111 confert
669 1052 758 1112 calor.
794 1051 907 1130 inspice
931 1070 1044 1125 sexum,

160 1143 301 1201 naturam
324 1143 456 1202 scrutare
478 1141 536 1204 loci
558 1141 715 1219 legemque
739 1141 865 1202 diaetae.

163 1230 196 1289 Si
218 1230 300 1292 cibus
324 1232 379 1290 aut
402 1249 453 1290 aer
475 1233 601 1307 potusve
626 1229 736 1290 doloris
760 1233 843 1309 origo
947 1268 952 1274 -

162 1319 308 1396 extiterit,
332 1320 456 1396 simplex
478 1319 570 1380 facies
593 1319 700 1398 ignara
722 1319 848 1379 tumoris

162 1410 314 1469 mercatur
337 1427 458 1469 causam
482 1410 612 1469 similem
636 1409 771 1469 confessa
795 1409 933 1469 dolorem.

105 1511 144 1552 ⁵⁵0
162 1517 209 1558 res
234 1501 325 1577 auget
347 1517 455 1558 causae
478 1498 598 1573 similis,
621 1517 667 1558 res
691 1498 812 1558 dissona
833 1496 970 1558 morbum
1061 1499 1064 1505 '

163 1587 314 1647 diminuit.
350 1606 441 1665 super
461 1587 509 1648 his
532 1587 654 1664 prodest
677 1588 815 1647 consulta
837 1587 937 1646 diaeta

164 1679 195 1736 et
216 1678 299 1736 locus
324 1680 353 1736 et
376 1679 506 1753 tempus,
521 1678 650 1736 'demum
673 1677 819 1737 confessio
841 1676 902 1736 fida
984 1705 985 1708 ¹

163 1767 283 1825 infirmi.
319 1767 346 1826 si
369 1766 500 1826 defectus
524 1767 564 1826 sit
586 1784 678 1826 causa
701 1766 846 1840 ciborum,

164 1855 303 1933 squalida
325 1855 482 1916 marcescit
503 1857 609 1930 facies,
632 1875 709 1933 quae
731 1875 833 1916 macra
856 1856 962 1915 seniles

107 1956 146 1997 ⁶⁶5
163 1945 196 2005 in
218 1964 309 2024 rugas
332 1945 477 2022 trahitur,
501 1944 648 2022 dependet
670 1946 751 2005 follis
775 1944 932 2004 adinstar

164 2035 233 2095 laxa
256 2034 342 2096 cutis.
379 2034 463 2095 vem't
484 2036 540 2095 hoc
563 2035 666 2096 crebro
689 2035 840 2094 sinthoma
863 2034 986 2110 sequela

165 2124 256 2184 febris
281 2125 453 2199 continuae,
476 2125 525 2184 vel
547 2145 600 2201 per
622 2124 735 2183 ieiunia
758 2125 849 2201 longa

165 2231 288 2291 corpore
311 2217 496 2290 consumpto,
533 2212 686 2274 concussio
710 2213 797 2291 signa
819 2212 963 2288 relinquit

166 2303 308 2376 etunius,
330 2321 401 2361 nam
423 2305 558 2363 terrestri
580 2303 674 2363 livore
697 2303 797 2362 notari

109 2405 147 2445 ⁵⁶0
166 2409 255 2451 cauea
277 2392 385 2451 nociva
407 2393 519 2468 potest,
542 2393 590 2452 vel
614 2392 808 2468 subportante
831 2394 980 2450 tumorem

165 2480 303 2556 maxilla,
327 2499 416 2557 quem
439 2481 577 2558 producit
601 2482 789 2542 circumfluus
812 2481 926 2539 humor.

165 2589 280 2630 vermes
302 2571 438 2630 insinuat
460 2591 578 2632 enorme
602 2570 713 2630 doloris
736 2589 874 2643 acumen,

166 2661 301 2736 pruritus
324 2659 463 2736 mordax,
483 2661 618 2737 spatiosa
639 2661 788 2720 foramina
811 2658 907 2718 dentis

167 2751 198 2808 et
221 2768 289 2808 caro
314 2767 433 2810 corrosa
455 2769 641 2825 manansque
664 2750 727 2808 lues
752 2750 879 2807 saniosa.

110 2851 148 2892 teo
239 2838 388 2898 Fetidus
412 2839 484 2900 oris
509 2840 596 2898 odor
619 2857 740 2898 caueam
764 2836 945 2913 quandoque
969 2831 1104 2894 recondit
1183 2893 1185 2899 A

166 2927 199 2984 in
223 2929 388 3004 stomacho,
412 2930 488 3005 dape
512 2929 564 3004 qui
588 2930 708 3003 sumpta
730 2926 844 2986 ieiunia
867 2925 984 2985 solvens

240 3098 427 3154 scolecium
447 3068 512 3168 (dt)
533 3099 548 3152 b
570 3097 580 3170 t
602 3102 652 3151 541
674 3096 745 3166 spal'
764 3101 798 3150 cie
817 3097 832 3152 b
852 3099 875 3165 (²2
889 3096 926 3163 m)
949 3093 959 3166 ll
982 3099 1033 3148 542
1053 3108 1070 3146 a
1094 3091 1146 3163 pat
1174 3095 1192 3147 b

168 3170 304 3246 (apparat
318 3172 376 3239 tm)
395 3169 405 3242 ll
424 3176 475 3224 545
495 3171 575 3224 sextu
595 3170 662 3236 b(m
676 3175 689 3222 ?
703 3169 803 3237 decit.)
821 3167 832 3240 ll
850 3171 902 3221 545
917 3165 985 3220 loci:
1004 3165 1067 3218 loca
1111 3165 1135 3232 (5
1148 3167 1190 3231 m)

169 3277 204 3345 cf.
219 3279 321 3332 nature
340 3276 438 3332 localia
458 3283 509 3332 '114
527 3276 537 3350 t
555 3281 607 3332 549
625 3262 725 3330 mtete
744 3277 760 3329 b
779 3275 853 3358 (lum)
875 3273 886 3346 ΙΙ
904 3277 957 3326 554
971 3253 1063 3340 edlida
1077 3271 1106 3326 t:
1126 3271 1190 3340 gol·

169 3348 229 3442 lida
248 3349 327 3418 (eic?)
341 3366 368 3403 m
386 3349 396 3421 ll
414 3354 466 3403 558
486 3348 630 3403 concussio
647 3365 686 3402 m:
707 3346 833 3432 confusio
854 3346 869 3400 b
887 3345 897 3416 ll
915 3348 967 3397 560
986 3341 1139 3414 subptante
1161 3360 1189 3397 m

170 3418 294 3617 {eblppp}
304 3422 388 3617 tttebr.
403 3491 444 3574 Ile
459 3490 556 3545 fetoris
570 3490 630 3614 <pris
641 3487 729 3557 signis
745 3489 773 3542 et
788 3487 879 3548 causis
895 3487 918 3540 ei
934 3487 971 3540 eit
989 3502 1022 3542 ex
1041 3483 1190 3546 stomacho

189 3605 195 3628 ,
242 3579 256 3617 e
288 3579 364 3618 core
384 3579 439 3617 ome
459 3577 576 3618 oeneec
609 3575 691 3628 s1gna
710 3577 734 3612 m
