2584 3900
174 124 194 187 8
624 122 738 176 EGIDII

174 271 277 330 urinae
300 274 413 348 tenuis,
436 273 541 348 pulsus
564 272 742 332 exterminat
763 275 857 333 ictum

175 360 313 420 debilitas
337 360 406 420 duri
428 362 530 421 crebro
553 362 707 422 venientis.
744 364 776 420 in
798 363 879 422 horis

118 470 156 507 155
175 452 263 509 aucta
285 450 488 510 melancolieis
511 451 635 511 infestat
657 451 766 528 passio.
803 453 890 512 laeva

174 539 272 599 acri0r
293 541 339 598 est
361 541 393 598 in
416 544 502 616 parte
525 541 622 616 dolor,
646 559 734 617 sapor
756 542 815 600 oris
840 543 961 616 acescit,

173 629 287 688 invitus
311 647 450 705 sompnos
474 631 577 690 oculus
600 630 694 707 capit,
718 631 803 708 algor
826 650 948 690 acumen

173 717 274 778 irritat
295 718 405 792 morbi,
428 720 509 778 calor
532 722 615 779 extat
637 739 727 780 eausa
749 719 891 794 salubris,

173 806 257 884 lippa
280 807 347 866 labe
369 807 471 867 madet
494 810 598 868 oculus
621 808 784 884 morboque
807 810 960 868 ministrat

117 895 274 955 1155151110
297 899 456 956 materiam
477 897 590 976 frigens
614 902 795 975 autumpnus
820 899 985 958 ethoram.

174 983 206 1043 Si
229 985 315 1044 dolor
338 1007 373 1044 ex
396 988 549 1046 stomacho
572 987 719 1063 procedit,
742 986 822 1047 cedit
845 987 884 1046 ad
905 989 1019 1046 horam.

174 1075 199 1133 si
221 1075 316 1134 morbi
340 1094 461 1135 causam
481 1080 571 1153 caput
594 1076 691 1152 abdit,
715 1077 888 1136 continuata

172 1165 273 1241 passio
297 1167 471 1225 continuum
494 1167 603 1242 capitis
626 1167 713 1224 docet
736 1183 799 1226 esse
823 1165 962 1224 dolorem.

245 1254 404 1314 Errantem
417 1254 483 1313 tibi
506 1256 712 1315 demonstrant
734 1257 807 1314 haec
831 1257 918 1332 signa
941 1255 1120 1313 frenesim.

116 1363 153 1400 115
172 1343 197 1401 51
219 1344 355 1419 loquitur
377 1363 474 1404 errore
497 1363 605 1422 vagus,
627 1345 747 1421 privata
770 1344 868 1403 colore

171 1433 275 1491 urinae
297 1434 395 1493 tenuis
418 1432 602 1509 substantia,
623 1435 758 1512 tegmina
780 1433 877 1510 earpIt

171 1521 323 1581 mobilitas
346 1542 504 1598 manuum,
529 1525 630 1583 vultus
653 1542 793 1600 suprema
815 1523 976 1597 lacessens,

172 1610 326 1670 instabiles
351 1611 431 1671 oculi
453 1612 614 1672 furibundo
638 1613 759 1690 singula
782 1613 850 1672 visu

171 1700 391 1778 perstringunt,
415 1701 546 1759 retinent
568 1719 692 1779 sompno
716 1706 857 1778 pereunte
880 1720 1023 1776 perennes

115 1808 153 1848 155
172 1788 318 1848 excubias.
355 1807 434 1848 nunc
458 1791 523 1849 rixa
544 1792 669 1866 loquax,
692 1810 770 1850 nune
793 1793 870 1850 risus
894 1793 926 1848 in
950 1809 1013 1862 ore,

171 1898 250 1938 nuno
273 1879 399 1938 reboans
423 1880 548 1955 elamor,
571 1900 649 1938 nunc
672 1884 758 1940 muta
781 1880 914 1952 silentia,
938 1898 1017 1939 nunc
1040 1897 1112 1954 pax,

172 1987 250 2027 nune
273 1968 378 2028 rabies.
416 1970 520 2028 stratis
542 1988 600 2028 non
624 1989 787 2045 numquam
810 1968 930 2046 prosilit
952 1987 1040 2046 aeger

170 2062 205 2116 ut
228 2059 336 2134 quovis
359 2059 526 2118 succinctus
550 2062 612 2134 eat,
635 2059 725 2118 febris
749 2059 836 2116 ardor
859 2061 963 2117 5511155

171 2151 254 2205 artus
279 2149 385 2206 exurit.
423 2149 468 2207 vis
492 2149 621 2224 amplior
642 2148 735 2207 insita
757 2147 897 2206 membris

113 2254 152 2293 155
171 2236 196 2294 51
220 2238 325 2311 quovis
349 2255 419 2294 casu
443 2256 585 2313 sompnus
608 2238 698 2296 datur
719 2238 840 2296 horrida
863 2237 975 2313 promit

171 2325 322 2400 sompnia,
345 2325 446 2385 crebro
471 2326 554 2387 venit
576 2345 630 2384 nec
653 2346 712 2385 non
736 2328 795 2385 cito
819 2325 963 2403 praeterit
986 2327 1064 2384 ictus

170 2413 311 2488 arteriae,
335 2414 435 2474 vultus
459 2415 547 2475 rubet
569 2418 622 2474 aut
645 2415 753 2475 citrina
775 2415 903 2474 recludit

171 2506 310 2562 naturam
334 2503 449 2563 colerae
473 2505 578 2579 facies,
601 2505 724 2583 nigredo
748 2506 882 2581 palatum

170 2594 278 2666 inficit,
302 2595 331 2650 et
353 2592 474 2672 linguae
497 2595 640 2654 sermonis
663 2594 815 2654 subtrahit
836 2613 921 2653 usum

114 2699 151 2739 155
171 2681 297 2740 ariditas
321 2683 394 2755 oris,
421 2702 495 2760 quas
519 2702 578 2742 non
601 2685 654 2743 dat
677 2684 777 2760 passio
800 2682 909 2742 mentis

171 2770 280 2828 diffluit
302 2773 334 2828 in
357 2772 498 2832 lacrimas
522 2774 638 2846 oequS,
662 2773 716 2849 qui
740 2773 825 2832 sorde
849 2772 981 2830 madenti

244 2929 290 2976 131
314 2924 448 2980 acriorem
464 2928 528 2995 (pro
542 2925 633 2979 acrior
652 2927 721 2994 5)111
740 2944 766 2993 p.
782 2943 809 2978 m
825 2927 828 2994 1
846 2924 948 2978 acessit
966 2941 993 2978 m
1011 2921 1021 2994 ΙΙ
1041 2928 1091 2976 136
1111 2924 1185 2976 rubr.

171 2995 258 3064 Signa
276 2997 371 3049 utrum
391 2997 428 3050 sit
447 3012 464 3049 a
483 2997 627 3051 stomacho
645 2996 691 3051 vel
709 3013 727 3050 a
746 2997 839 3064 capite
858 3013 892 3048 ce.
930 2995 965 3062 cf.
985 2996 1026 3048 Io.
1047 2993 1077 3048 Si
1096 2994 1133 3047 sit
1153 3011 1186 3047 ex

170 3067 265 3150 capite
284 3069 326 3120 est
346 3067 507 3135 continuus,
527 3069 552 3122 si
571 3085 604 3122 ex
623 3069 767 3122 stomacho
786 3069 830 3121 eet
848 3065 1035 3135 interpolatus
1059 3066 1062 3135 1
1082 3065 1187 3138 111111101

170 3139 385 3264 (darltgtvlabr.
406 3209 494 3279 Signa
517 3209 634 3266 frenesis
652 3209 756 3263 XXIIII
778 3229 804 3263 m
827 3209 837 3280 11
862 3214 912 3262 140
932 3206 998 3263 Sino
1022 3207 1125 3278 loqu(..
1147 3211 1186 3262 sic

170 3281 270 3348 decet.)
289 3281 343 3352 11111
363 3287 413 3334 142
433 3280 575 3335 lacescens
593 3281 648 3353 11111
671 3287 721 3335 lot
741 3283 776 3349 51.
796 3283 834 3335 Io.
856 3280 973 3350 nigredo
993 3279 1102 3348 lingue,
1125 3297 1185 3332 mu-

169 3350 241 3403 tatio
265 3350 366 3406 coloris
390 3352 462 3405 cutis
485 3352 515 3405 in
539 3352 671 3405 citrinum
690 3353 714 3405 51
733 3368 767 3405 515
786 3351 891 3416 colera,
914 3350 959 3405 vel
976 3351 1007 3403 in
1025 3349 1142 3404 rubeum
1161 3350 1185 3402 si

169 3421 821 3562 555551511515111111
843 3422 949 3490 Enim
976 3439 1003 3476 l
1028 3425 1032 3490 ¹
1057 3423 1106 3475 ⁸¹⁴⁶
1131 3423 1185 3488 aa
