2584 3900
153 115 198 180 34
606 111 720 166 aaron

155 266 305 322 costarum
327 262 434 322 iecoris
457 263 608 339 pulmonis
632 266 770 339 apostase
793 267 879 341 parte

155 351 304 427 discussa,
326 355 401 428 potu
424 350 530 426 nimio,
553 351 684 430 frigdore
708 353 827 428 nocivo,

97 445 283 519 sumptura
306 460 407 500 venae.
445 440 514 499 Tibi
535 441 632 500 morbi
656 443 742 520 signa
765 443 901 502 revelant

154 532 260 605 tussis,
282 531 436 590 tabescens
459 530 565 605 facies,
587 531 761 590 macilentia
784 531 867 606 colli,

155 623 243 696 sputo
266 619 425 680 commixto
449 619 560 695 sanies,
583 620 762 696 quandoque
784 624 901 681 tumore

155 710 344 769 subtumidus
367 709 484 784 vultus,
507 710 609 786 gravis
631 709 800 785 inspiratio.
836 711 927 770 febris

155 818 215 857 non
238 817 403 876 numquam
426 817 542 857 macros
566 802 649 857 artus
672 799 862 874 exterminat,
884 799 954 859 inde

98 909 137 948 erc
155 889 276 947 flamma
298 889 383 949 volus
406 907 550 947 manuum
572 891 676 947 tenues
700 888 814 948 febrilis
838 889 952 965 adurit,

156 978 282 1037 ariditas
305 977 403 1036 maior
425 977 581 1036 oculorum
604 980 748 1037 concavet
772 977 865 1039 orbes.
914 1017 916 1024 ·

227 1065 411 1126 Pleuresis
433 1066 575 1142 inplendo
598 1067 727 1125 laterum
750 1066 877 1126 declivia
900 1067 990 1126 costis

156 1156 279 1230 insidet,
302 1156 424 1215 infercit
445 1155 630 1232 ypocondria
654 1174 792 1216 concava.
830 1158 913 1216 cuius

155 1247 228 1305 haec
251 1248 322 1305 sunt
345 1264 423 1321 quae
445 1246 557 1321 passim
583 1245 750 1304 clarescunt
773 1245 866 1322 signa.
904 1246 1005 1304 labore

98 1335 247 1395 eusebiis
271 1334 462 1410 continuone,
484 1333 590 1409 tussia,
615 1334 714 1394 decisa
736 1334 866 1394 facultas

156 1443 227 1482 aera
250 1423 398 1500 spirandi,
421 1424 521 1483 costae
543 1441 695 1499 pressura,
719 1441 846 1500 superne

156 1515 252 1572 livens
274 1514 377 1586 urina,
400 1513 501 1572 vultus
524 1511 624 1571 rubor.
660 1512 743 1571 Haec
766 1513 924 1589 specialem

155 1603 312 1662 insinuant
334 1620 464 1660 causam.
501 1602 526 1661 si
549 1603 671 1678 sanguis
694 1602 858 1661 materialis

157 1710 248 1751 causa
271 1690 323 1766 sit,
345 1691 508 1768 inpinguat
529 1690 694 1766 subtusque
716 1690 825 1750 rubore
846 1693 961 1750 colorat

100 1800 139 1839 eso
156 1782 284 1840 minem.
321 1798 411 1856 sapor
432 1781 586 1856 acceptus,
610 1779 675 1840 sitis
700 1780 887 1856 abbreviata,

157 1871 261 1947 pulsus
285 1870 441 1944 femineus,
465 1872 548 1928 aetas
572 1869 742 1945 primaeva,
765 1869 865 1930 diaeta

158 1961 313 2039 sanguinis
336 1958 508 2019 instaurans
532 1959 709 2034 dampnum,
732 1959 919 2018 moderantia
942 1959 1033 2033 veris,

158 2049 322 2109 consimilis
344 2049 440 2127 regio,
463 2067 604 2108 vasorum
626 2049 773 2124 phetora,
797 2052 918 2125 sputum

229 2232 281 2280 803
297 2207 378 2296 spisse
392 2245 431 2282 m:
447 2206 532 2297 apiate
547 2227 562 2280 b
575 2230 622 2295 (ut.
633 2230 792 2296 8840118).
821 2228 856 2293 cs.
866 2229 1014 2296 taediata
1028 2230 1184 2296 apostema

159 2299 299 2366 apostasia
320 2298 396 2353 idem
417 2299 541 2367 (Caesius
562 2299 646 2352 Folia
665 2315 694 2367 p.
710 2303 763 2353 198
781 2300 871 2367 ane).
908 2299 943 2366 cs.
962 2301 1004 2354 Io.
1023 2299 1055 2351 fit
1080 2303 1183 2356 autem

159 2369 282 2438 empima
301 2385 335 2422 ex
353 2368 576 2438 apostematibus
595 2371 624 2422 et
643 2385 677 2422 ex
695 2368 771 2422 fluxu
790 2370 935 2440 sanguinis
954 2370 1126 2439 procedente
1150 2377 1184 2427 et

159 2459 193 2568 dx
212 2441 387 2567 dgblutilsbinrb
407 2439 549 2580 {loflii‘dorbt
561 2440 941 2581 (iexfriVidbrdilbnitliiiilbien
950 2447 1037 2582 (awini
1048 2442 1184 2569 ddicuii‘a

159 2555 234 2652 gotis
257 2585 293 2650 cf.
312 2585 363 2639 lea.
387 2585 435 2638 Tb.
451 2584 538 2638 Prisc.
555 2552 590 2652 p:
601 2529 666 2651 5145
687 2601 714 2637 m
735 2582 745 2655 ΗΗ
768 2555 820 2638 885
839 2531 938 2638 mbrbu
957 2586 973 2640 b
996 2583 1006 2656 Η
1029 2531 1081 2638 8806
1096 2534 1183 2642 bobia

159 2655 246 2725 Signa
264 2655 303 2708 IX
321 2674 348 2710 m
365 2655 375 2728 ΗΗ
398 2660 449 2709 809
469 2659 499 2710 m
519 2654 605 2724 (inde)
624 2673 663 2709 m:
683 2653 784 2708 ardens
804 2657 819 2709 b
837 2655 847 2727 ΗΗ
863 2661 915 2710 810
934 2655 1010 2710 volas
1030 2658 1058 2710 b:
1077 2656 1183 2712 volans

158 2744 185 2780 m
211 2728 255 2796 (cf.
276 2728 349 2782 Plut.
372 2729 466 2795 potest
492 2727 567 2780 enim
590 2725 678 2779 febris
701 2725 810 2780 dinosci
834 2743 868 2780 ex
891 2727 984 2783 calore
1007 2728 1055 2795 qui
1080 2730 1124 2782 est
1149 2731 1184 2786 iu

159 2841 230 2895 volis
248 2858 383 2895 manuum
402 2844 430 2897 et
448 2842 555 2912 plantis
573 2841 687 2911 pedum)
704 2844 708 2907 Ι
725 2841 835 2896 febrilis
854 2844 882 2898 b:
902 2843 989 2896 febris
1008 2812 1089 2911 (febls)
1108 2862 1138 2898 m

231 2917 282 2966 812
307 2915 383 2969 rubr.
409 2914 450 2968 De
475 2914 612 2984 pleuresis
638 2913 730 2967 causis
756 2915 785 2967 et
810 2915 898 2984 signis
925 2917 953 2968 et
978 2915 1126 2982 speciebus
1154 2918 1182 2984 b,

159 3019 295 3088 pleuresis
315 3036 398 3075 cause
416 3039 443 3075 m
460 3020 469 3092 ΗΗ
488 3026 539 3074 813
553 3021 651 3074 ifarcit
669 3037 708 3074 m:
727 3035 744 3074 a
764 3020 846 3074 furtit
865 3023 880 3075 b
897 3025 901 3090 Η
918 3022 977 3075 cui⁹
990 3039 1029 3076 m:
1050 3009 1114 3075 cirix
1134 3023 1152 3077 b
1171 3023 1182 3096 ΗΗ

160 3097 212 3145 814
232 3091 313 3160 signa
331 3091 428 3145 labore
448 3095 511 3161 (pro
530 3095 586 3160 -re)
605 3110 644 3146 m:
665 3095 701 3145 an
721 3093 805 3161 (ante)
825 3091 921 3147 labore
940 3094 956 3148 b
977 3092 987 3165 ΗΗ
1008 3097 1059 3146 815
1080 3093 1182 3148 decisa

159 3181 198 3216 ra:
225 3161 322 3217 d'fcifa
347 3164 363 3217 b
389 3163 398 3235 ΗΗ
426 3169 478 3217 816
504 3180 592 3235 supnc
619 3164 646 3216 b:
673 3169 771 3232 supmc
796 3182 830 3218 m.
872 3165 907 3231 cf.
927 3165 968 3218 Io.
993 3166 1065 3232 (imm
1089 3163 1126 3218 M.
1147 3165 1179 3222 P.

159 3259 186 3278 =
209 3233 400 3288 Petroncellus
427 3237 459 3289 ia
487 3235 515 3289 0.
541 3236 569 3290 S.
592 3236 639 3301 11,
664 3237 727 3302 219)
760 3235 790 3288 in
822 3235 969 3304 superficie
1001 3235 1090 3289 livida
1118 3239 1181 3306 (ubi

161 3339 294 3393 distincte
306 3340 396 3395 livens
410 3341 495 3409 Plat.)
514 3340 524 3410 Η
541 3346 593 3394 818
609 3340 632 3394 si
648 3307 717 3393 san1
745 3340 828 3395 malis
842 3343 871 3396 b:
891 3342 931 3395 sio
946 3319 1041 3412 sug²nis
1060 3320 1112 3395 itis
1126 3361 1156 3397 m
1170 3343 1181 3415 ΗΗ

161 3415 213 3464 818
226 3414 340 3480 ipiguat
355 3413 383 3466 b:
402 3411 534 3480 inpingat
547 3430 573 3466 m
592 3411 602 3483 Η
620 3416 673 3465 820
688 3428 704 3465 a
724 3413 823 3479 puiata
837 3431 872 3478 m,
887 3413 1000 3468 abisaia
1014 3415 1030 3467 b
1045 3415 1085 3483 (ut
1097 3414 1180 3480 iufra

160 3481 260 3550 hirtas)
274 3481 284 3554 ΗΗ
298 3487 349 3536 822
364 3483 439 3537 ueris
454 3484 482 3536 b:
497 3483 563 3536 mtis
577 3500 604 3536 m
618 3482 627 3553 ΗΗ
641 3487 692 3536 823
707 3481 833 3552 plectora
843 3486 901 3553 (sic)
912 3487 963 3540 rub.
991 3486 1027 3552 cf.
1037 3483 1075 3539 ed
1087 3501 1111 3539 o.
1122 3489 1182 3541 330
