2584 3900
140 176 231 230 XVIII

214 325 421 385 Commeatum
448 326 548 381 autem
577 323 720 400 epistolae
747 325 778 381 in
805 322 862 383 hoc
884 322 985 382 codice
1008 322 1162 382 adiectum

142 417 184 475 sic
213 415 322 490 incipit
348 407 492 471 ‘Materia
521 413 609 472 huius
637 412 708 471 libri
735 414 807 472 sunt
832 413 985 473 utensilia.
1024 413 1160 471 Intentio
1284 423 1285 450 ³

144 507 244 564 autem
258 507 304 562 est
317 503 491 562 utensilium
505 520 653 561 summam
667 501 815 578 colligere.
838 501 963 560 Utilitas
978 503 1024 560 est
1035 502 1161 560 nomina

142 592 317 652 utensilium
345 610 529 669 cognoscere.
566 592 686 650 Titulus
716 590 786 649 talis
816 592 863 650 est
888 591 1000 668 Incipit
1029 590 1162 667 epistola

142 681 280 760 magistri
299 681 353 740 ade
373 681 409 740 de
425 699 518 758 parvo
538 675 641 756 ponte'
655 682 710 740 etc.
724 683 759 739 ut
778 698 877 755 supra.
902 681 1028 756 quaein
1046 698 1161 739 memo·

143 773 220 831 riam
249 774 393 830 revocant
414 769 578 829 Alexandri
607 788 676 828 cnm
706 770 871 829 commento
902 768 995 828 simili
1023 769 1162 828 libellum

144 860 255 921 eisdem
270 858 421 920 codIcibus
436 859 681 936 comprehensum
694 850 746 940 (cf.
756 858 819 917 nrf.
829 856 969 934 Amplon.
983 860 1041 916 oct.
1053 859 1104 933 12,
1115 849 1161 939 2).

144 953 207 1009 iam
221 967 343 1024 excerpo
359 967 394 1007 ex
403 947 487 1006 Adae
501 948 630 1025 epistola
645 967 721 1024 quae
734 948 885 1007 hominem
894 949 1065 1006 monstrant
1072 948 1163 1007 haec:

189 1040 210 1098 f.
232 1039 345 1097 roone
377 1032 513 1118 (Scheler
540 1057 568 1114 p.
589 1030 646 1118 79)
675 1032 859 1096 ‘Introeunti
886 1035 1080 1096 occurrebant
1107 1037 1164 1112 qui
1285 1041 1286 1066 ³

235 1147 282 1186 me
301 1146 427 1202 puerum
443 1126 582 1186 viderant
601 1145 679 1185 anno
698 1119 774 1184 ΧΠο
789 1128 986 1186 revertentem
1001 1125 1163 1184 visitantes

235 1218 331 1294 primo
361 1216 469 1275 fratres
500 1215 635 1292 germani
665 1217 696 1274 et
724 1214 815 1273 notbi.
863 1233 934 1274 nam
965 1215 1098 1274 uterinos
1130 1218 1165 1274 et

234 1305 352 1382 spurios
376 1307 407 1364 et
431 1305 568 1364 favonios
599 1306 706 1364 matris
735 1304 927 1381 monogamia
958 1303 1163 1379 prohibuerat.

235 1395 341 1454 deinde
363 1397 394 1454 et
417 1393 595 1454 consobrini.
627 1394 778 1470 patrueles
806 1392 850 1451 ibi
875 1393 1055 1468 reliqueram
1082 1391 1164 1451 unde

235 1502 381 1544 veneram.
418 1483 577 1543 fratrueles
597 1477 678 1564 (cum
702 1482 742 1561 gl.
758 1476 830 1541 ‘filii
852 1476 1042 1562 matertere')
1060 1484 1165 1541 autem

236 1575 394 1632 matertere
422 1574 546 1632 castitas
575 1591 635 1632 non
658 1571 833 1631 contulerat.
865 1574 1015 1647 postremo
1038 1573 1164 1648 nepotes

236 1664 267 1722 et
290 1662 412 1721 sobrini.
442 1662 550 1720 horum
574 1664 674 1720 autem
697 1662 751 1737 qui
773 1660 848 1718 mihi
865 1660 929 1719 noti
948 1661 1068 1719 uorans
1086 1660 1165 1720 alios

238 1750 399 1811 secundnm
426 1752 588 1810 stematum
617 1750 835 1810 distinctionem
858 1749 1041 1808 indicabant.
1073 1749 1165 1808 collo·

238 1840 356 1916 quondo
390 1839 639 1916 pertransivimus
672 1833 870 1899 vestibulum'
895 1885 902 1897 .
923 1884 956 1898 ..
998 1839 1018 1896 f.
1044 1839 1163 1898 torar

238 1923 320 2011 (sch.
334 1950 364 2006 p.
379 1922 436 2010 80)
455 1924 631 2007 ‘peniciores
651 1927 757 1987 deinde
775 1927 878 1986 domos
902 1928 976 1987 adeo
995 1930 1026 1987 et
1047 1947 1112 1987 ecce
1131 1929 1166 1986 in

240 2019 357 2078 ablaote
384 2020 488 2078 matris
518 2018 611 2078 incidi
638 2035 731 2076 nexus
759 2017 807 2077 vel
837 2017 1000 2093 amplexus.
1036 2018 1168 2077 occurrit

240 2111 342 2167 autem
365 2125 432 2166 oum
455 2108 538 2186 glore
560 2126 628 2166 mea
652 2111 683 2166 et
705 2100 831 2179 <‘cum'
854 2107 906 2180 B>
931 2106 1028 2165 adhuc
1049 2106 1167 2166 investe

240 2190 342 2278 (-‘tis'
356 2191 396 2276 G)
419 2199 581 2256 matertera
604 2197 713 2256 sororis
736 2215 801 2255 mee
823 2195 909 2273 gelus
934 2198 964 2254 et
981 2195 1049 2272 ipsa
1067 2195 1167 2254 adhuc

238 2285 372 2344 investis.
412 2304 504 2360 quam
536 2289 630 2344 cetere
663 2283 743 2362 quod
772 2303 823 2343 me
859 2287 897 2343 ut
931 2285 966 2343 in
1001 2284 1168 2362 puericia

241 2376 480 2433 consueverat
518 2373 619 2433 adam
658 2374 920 2434 balsamensem
957 2366 1006 2453 (³1.
1031 2368 1167 2433 dulcem'

240 2463 281 2541 gl.
299 2454 339 2542 B)
373 2463 580 2539 appellaret
610 2481 673 2521 nec
704 2462 911 2539 magisterii
947 2482 1073 2521 nomen
1105 2461 1166 2521 ad-

240 2553 353 2611 iceret
384 2552 592 2629 corripiebant.
638 2571 706 2610 cum
736 2551 842 2628 quibus
874 2552 1059 2611 sermonibus
1091 2570 1167 2629 quos

240 2659 286 2700 res
309 2640 484 2717 postulabat
506 2640 623 2701 collatis
647 2640 685 2700 ad
709 2659 812 2700 cenam
835 2636 994 2701 vocamur'

198 2731 218 2788 f.
234 2730 324 2789 2011)
345 2724 386 2810 (p.
403 2723 473 2810 81):
493 2725 649 2790 ‘Oiborum
668 2749 787 2806 quoque
806 2749 882 2806 quos
900 2731 1022 2808 patria
1040 2730 1169 2790 barba-

241 2821 317 2878 rica
340 2818 438 2877 utitur
460 2820 520 2878 tria
543 2822 615 2878 sunt
644 2837 752 2897 genera
780 2814 977 2897 <²apposita'
999 2819 1052 2894 B>
1080 2823 1169 2879 taxea

242 2899 328 2988 (Isid.
343 2907 406 2982 XX,
422 2910 451 2984 2,
467 2901 523 2988 24)
547 2908 637 2968 cruda
660 2902 807 2990 (‘soruta'
820 2901 861 2991 Β)
881 2929 916 2969 ex
935 2904 1100 2969 succiduis'
1117 2956 1122 2967 .
1140 2954 1146 2967 .
1163 2957 1168 2968 .

198 2998 219 3056 f.
234 2997 323 3056 2021)
347 2990 390 3074 (p.
411 2989 481 3078 83):
510 2992 649 3073 ‘phalam
680 2996 866 3058 ascendimus
897 3000 929 3057 in
963 3017 1023 3074 qua
1050 2998 1170 3058 diversa

244 3104 353 3164 genera
388 3105 538 3146 armorum
573 3087 722 3162 speculari
756 3087 872 3147 li0ebat.
911 3087 1034 3147 stabant
1068 3090 1170 3147 autem

243 3177 322 3235 inter
339 3176 462 3236 hastilia
480 3175 605 3235 falarica
624 3195 713 3236 corno
732 3177 810 3236 facte
829 3176 908 3236 caice
924 3194 998 3252 quas
1013 3180 1044 3235 et
1057 3175 1169 3236 cateias

244 3267 275 3324 et
309 3267 447 3324 teutones
483 3264 630 3324 barbari
667 3262 700 3346 (i.
720 3285 744 3325 e.
764 3265 893 3342 Hispani
924 3269 954 3324 et
986 3263 1066 3325 Galli
1097 3265 1170 3325 Isid.

244 3353 357 3429 XVIII,
373 3357 401 3430 7,
417 3348 452 3436 7)
474 3347 646 3413 nominant’
661 3401 668 3413 .
683 3400 690 3413 .
706 3402 712 3413 .

229 3442 348 3502 Scheler
365 3464 394 3520 p.
406 3445 462 3503 88:
480 3437 575 3512 ‘Quid
594 3463 673 3522 ergo,
691 3444 791 3520 inquit
809 3442 1001 3503 consobrinus
1021 3462 1098 3504 unus
1118 3444 1171 3521 qui

158 3531 275 3608 aderat,
308 3551 376 3593 cum
408 3532 447 3593 sis
475 3532 622 3593 natione
642 3531 838 3611 Angelicus
867 3525 948 3614 (cum
978 3534 1018 3611 gl.
1044 3527 1093 3592 ‘de
1116 3534 1170 3592 illa
