2584 3900
185 115 225 180 18
634 107 746 162 10011011

124 280 164 321 sss
182 262 293 334 orbita,
316 262 365 320 lex
386 260 483 320 morbi
505 261 590 318 motu
612 259 691 318 redit
712 258 882 318 orbiculari.

181 351 294 411 labitur
316 351 366 410 hic
387 350 421 408 in
443 366 543 408 mense
565 349 669 421 semel,
693 347 848 424 duplicata
870 350 958 406 ruina

181 441 269 500 illum
291 439 452 513 subvertit,
474 438 570 497 tribus
593 437 642 496 hic
666 455 684 496 a
707 436 824 497 casibus
848 439 930 498 extat

181 528 333 590 mensibus
355 527 501 602 inmunis,
523 526 663 586 illaesum
685 529 816 603 quatuor
838 525 924 586 illum

182 619 360 680 conservant
381 635 510 692 menses,
532 616 581 675 hic
603 616 649 675 bis
673 614 843 676 subcumbit
863 615 896 674 in
919 635 1011 691 anuo,

125 728 164 768 000
181 709 232 768 ille
255 708 360 782 semel,
381 707 541 782 variatque
565 703 643 764 vices
667 705 709 764 sic
731 723 823 766 causa
844 705 1001 764 malorum.

182 799 208 858 si
230 816 352 857 causam
374 797 450 855 fluor
472 795 629 869 informat,
652 795 801 856 maturius
823 794 919 854 instat

181 888 310 946 insultus
332 884 480 962 replicans
504 883 650 960 citiusque
673 885 799 944 vacante
821 885 921 961 priore

181 975 313 1035 succedit
335 991 473 1051 pressura
496 991 632 1049 sequens.
673 975 830 1049 compacta
851 974 988 1032 moratur

181 1065 321 1124 materies
344 1062 522 1140 stabilisque
543 1064 647 1121 manet
667 1062 823 1139 morbique
845 1062 977 1122 refrenat

125 1171 163 1212 sss
181 1157 297 1214 motum
319 1152 526 1230 praecipitem,
549 1154 694 1210 renovata
717 1151 850 1228 pericula
873 1169 938 1211 sero

180 1246 366 1318 instaurans,
389 1242 558 1318 aliquisque
580 1240 661 1300 malo
684 1243 787 1300 manet
808 1259 880 1300 usus
903 1241 936 1300 in
958 1239 1020 1299 illo.

181 1334 207 1392 si
230 1332 353 1410 sanguis
377 1332 418 1392 sit
440 1349 530 1392 causa
552 1330 626 1389 mali
648 1330 697 1389 vel
718 1331 827 1408 flegma
849 1330 897 1390 vel
919 1330 1028 1389 humor

182 1425 306 1497 quartus
328 1421 377 1482 vel
399 1422 510 1495 colera,
533 1421 594 1481 sint
615 1418 703 1498 signa
724 1419 782 1479 libi
804 1419 886 1479 color
908 1420 981 1494 oris,

181 1506 279 1585 aetas,
301 1511 404 1585 urina,
426 1514 559 1586 tempus,
582 1508 761 1586 complexio,
783 1510 856 1568 vita.

123 1617 164 1656 400
182 1598 321 1660 Gestibus
344 1599 417 1659 hacc
439 1599 532 1659 variis
555 1598 704 1658 deformat
726 1597 827 1676 passio
850 1597 978 1656 formam

181 1689 326 1750 informis.
363 1708 433 1748 nam
456 1687 602 1747 deformes
619 1688 700 1747 hunc
723 1705 857 1765 promere
879 1686 971 1746 rictus

182 1780 265 1857 cogit
287 1780 317 1838 et
339 1777 408 1836 huic
431 1795 568 1854 spasmus
591 1777 709 1836 labrum
732 1776 891 1852 detorquet
914 1775 953 1835 ad
976 1793 1091 1850 aurem,

182 1868 318 1928 dentibus
341 1867 390 1926 hic
411 1865 540 1941 frendet,
563 1865 612 1925 hic
634 1885 786 1926 murmure
809 1865 975 1943 pernicioso

180 1960 313 2033 intonat,
335 1958 384 2016 hic
407 1957 519 2030 stertit,
542 1957 654 2015 tremor
676 1955 766 2015 huius
790 1956 922 2014 concitat
943 1971 1020 2027 ossa,

123 2063 162 2103 ωε
180 2049 250 2107 huic
273 2047 373 2107 cervix
396 2047 524 2105 distorta
545 2047 632 2105 iacet.
669 2045 737 2104 fluit
758 2044 849 2104 huius
873 2043 910 2104 ab
933 2062 983 2103 ore

181 2137 265 2197 labra
288 2135 389 2215 rigans
414 2153 556 2211 spumosa
578 2135 657 2209 lues,
681 2133 750 2192 huic
773 2133 905 2210 palpitat
927 2136 1009 2193 artus

181 2225 279 2284 nervis
302 2226 463 2284 contractis
487 2226 530 2297 et,
554 2223 634 2298 quod
656 2222 751 2300 pudet
774 2223 859 2282 edere
882 2223 979 2296 dictu,

182 2333 258 2390 quac
280 2314 408 2372 retinere
430 2312 537 2388 nequit
558 2312 672 2372 inritus
696 2311 797 2372 debita
819 2311 909 2371 solvit

181 2405 320 2476 naturae,
344 2401 491 2461 stomachi
512 2402 609 2460 faeces
631 2402 751 2479 regione
775 2401 890 2460 reclusa

123 2506 163 2546 410
180 2491 321 2551 inferiore
344 2491 426 2550 foras
448 2489 597 2564 eliminat,
620 2489 718 2549 effluit
739 2491 801 2550 ima

179 2583 338 2641 humorum
359 2579 446 2639 testis
470 2579 582 2639 effulsio.
620 2581 646 2638 si
669 2580 746 2640 senis
770 2597 862 2639 annos

254 2771 304 2820 ses
323 2767 396 2821 moe
418 2769 503 2837 (us)
522 2767 597 2822 reru
615 2735 694 2837 (real)
714 2769 743 2834 0,
766 2770 845 2821 mou
864 2764 880 2822 0
899 2766 971 2821 1000
985 2767 1043 2835 (se)
1062 2784 1089 2822 m
1111 2765 1121 2837 Η
1145 2772 1202 2823 aar

181 2839 212 2892 in
229 2853 325 2893 mense
343 2857 381 2894 m:
401 2839 467 2894 lune
486 2854 515 2892 ss
535 2839 550 2892 b
568 2837 578 2909 ΗΗ
597 2843 647 2892 337
668 2837 799 2893 censibus
818 2857 844 2892 m
862 2839 872 2910 ΗΗ
891 2843 942 2892 939
962 2835 1120 2892 succumbit
1137 2855 1167 2893 m
1192 2839 1202 2910 Η

182 2914 232 2963 391
261 2910 336 2965 rubr.
365 2909 406 2966 De
437 2909 554 2964 diversis
584 2908 804 2964 sinthomatibus
834 2926 885 2979 per
914 2908 1102 2964 accessionem
1132 2909 1202 2964 sub-

181 2980 359 3035 venientibus
373 2981 397 3048 9,
418 2981 493 3050 quod
508 2980 624 3050 quidam
637 2981 702 3050 plus
717 2981 822 3036 cadunt
836 2981 953 3049 quidam
967 2980 1060 3034 minua
1074 2997 1101 3035 m
1115 2983 1202 3050 (quod

177 3054 300 3122 pertinet
316 3053 355 3106 od
369 3052 507 3122 praeced.)
524 3059 529 3121 Η
545 3053 683 3107 maturius
702 3070 741 3107 m:
760 3052 936 3107 moderacius
955 3051 1129 3120 (mod’acius)
1149 3053 1168 3106 b
1193 3054 1203 3126 Η

182 3129 233 3178 393
257 3123 397 3192 replicans
419 3141 458 3177 m:
482 3126 547 3179 -eat
569 3125 610 3192 91
631 3123 718 3178 cicius
741 3135 801 3193 (om.
822 3125 886 3193 que)
909 3142 936 3178 m
957 3124 967 3196 ΗΗ
990 3128 1043 3178 394
1065 3123 1202 3190 materies

181 3213 220 3250 m:
239 3195 297 3250 -uie
316 3195 332 3250 b
348 3196 352 3263 Ι
368 3194 523 3263 morbique
542 3197 557 3250 b
574 3195 585 3280 ΗΗ
604 3200 654 3249 397
669 3196 743 3250 rubr.
759 3212 809 3251 000.
824 3213 863 3263 m,
888 3195 980 3260 Quare
998 3194 1114 3264 quidam
1132 3193 1202 3263 plus

181 3266 288 3322 cadunt
310 3266 326 3321 b
348 3265 358 3338 ΗΗ
381 3271 432 3320 399
451 3265 520 3320 Etas
542 3284 624 3321 unna
647 3266 803 3335 complexio
825 3266 886 3321 vita
905 3266 983 3322 dieta
1006 3268 1066 3336 (sic)
1089 3267 1114 3332 b,
1137 3269 1200 3323 scil.

180 3337 240 3394 vics
253 3340 273 3393 i.
288 3337 366 3393 dieta
380 3338 485 3408 (Plau).
517 3338 552 3404 cf.
567 3357 591 3394 0.
602 3342 656 3395 450
668 3337 678 3410 ΗΗ
692 3343 743 3391 491
759 3337 873 3392 informi
887 3339 902 3392 b
919 3338 1027 3464 &rictus
1040 3357 1081 3393 m:
1100 3339 1201 3393 ructus

181 3409 229 3482 9Η
251 3414 303 3464 499
327 3412 356 3465 et
378 3409 445 3465 huic
468 3427 488 3464 s.
508 3408 620 3464 labrum
638 3428 677 3464 m:
701 3412 730 3464 et
752 3409 827 3465 hunc
850 3427 871 3465 s.
890 3409 920 3464 la
940 3409 961 3464 ii
980 3411 996 3466 0
1016 3413 1021 3480 Ι
1042 3425 1138 3464 aurem
1155 3427 1200 3466 m:

181 3481 315 3554 auresbll
329 3487 380 3536 404
394 3482 532 3536 huiusm:
547 3479 666 3552 huicbll
680 3486 732 3535 496
747 3481 826 3535 luens
841 3481 890 3553 mli
904 3487 956 3537 498
967 3498 1074 3551 quem:
1089 3480 1200 3550 quodb
