2604 3900
549 143 718 200 VIATIGUS

45 315 102 357 ress
123 295 271 371 obstruit,
294 296 367 356 haec
390 293 476 356 nobis
499 295 534 356 fit
556 295 648 354 notio.
685 295 815 356 discolor
838 296 897 354 oris

124 387 160 446 et
181 385 297 464 pallens
319 384 440 445 habitus
464 387 518 444 ant
540 383 652 444 lividus
675 386 730 445 aut
751 384 850 462 niger,
874 385 978 445 albens
1009 449 1011 454 ,

124 477 160 534 et
180 473 279 534 tenuis
302 474 423 535 radiosa
445 472 535 534 nimis
559 473 607 533 vel
629 473 756 550 limpida
779 474 888 533 crudae

123 563 233 624 urinae
256 561 360 639 facies,
383 561 480 640 partis
502 580 644 640 pressura
666 562 805 624 sinistrae

125 655 161 712 et
181 656 282 713 tumor
304 654 335 712 st
357 651 487 730 pondus,
510 653 609 713 virtus
631 652 748 712 deiectu
764 672 824 728 ¹per
847 655 942 726 artus,

49 760 105 800 rsso
126 760 269 824 coxarum
292 739 440 821 gravitas,
463 744 564 802 motus
587 740 673 820 piger
695 745 726 802 et
748 741 834 801 labor
856 741 969 820 ingens.

126 833 175 891 est
195 849 291 908 penae
313 830 436 910 gravior
459 828 600 891 stimulus
623 830 650 891 si
672 831 813 891 scandere
837 831 962 908 quaevis

127 919 225 982 ardua
247 919 405 999 contingat
425 919 474 980 vel
497 920 525 980 si
546 938 599 998 pes
621 919 759 997 passibus
781 919 876 980 instat

127 1010 271 1084 festinus,
293 1010 392 1069 maior
413 1008 525 1070 satiato
548 1008 649 1087 passio
671 1012 775 1070 ventre

127 1101 162 1158 et
182 1099 282 1159 minor
304 1101 375 1158 ante
398 1097 511 1172 cibum,
533 1101 604 1176 post
625 1117 745 1178 grossas
768 1099 875 1159 fortior
898 1119 980 1160 escas

53 1205 107 1246 ress
127 1206 286 1266 pressurae
309 1187 462 1264 stimulus,
485 1188 598 1248 ventris
620 1191 722 1249 tumor
743 1187 885 1266 amplior,
908 1189 968 1248 enti

128 1275 259 1354 pectoris
282 1275 321 1337 sd
343 1280 440 1338 tusses
463 1275 609 1337 habitudo
632 1297 741 1355 prona,
764 1277 903 1337 sinistrae

128 1365 226 1444 partis
249 1365 376 1427 durities
399 1364 491 1427 silicis
515 1385 593 1443 quae
616 1366 735 1428 substat
757 1364 796 1424 ad
818 1365 915 1426 instar

130 1456 295 1516 attractata
318 1475 425 1532 mauu,
448 1455 602 1517 tabescens
626 1475 727 1516 macra
749 1456 847 1533 figura

130 1543 264 1622 corporis
288 1545 442 1619 exhausti,
464 1546 590 1624 sangnis
614 1543 792 1621 quandoque
815 1543 938 1622 sinistra

56 1651 110 1692 ιιιι
129 1653 203 1694 nare
227 1632 365 1709 (fluens)
389 1635 477 1712 niger
499 1636 530 1694 et
552 1652 687 1712 grossus,
711 1635 885 1694 constrictio
908 1631 1020 1694 ventus

130 1723 234 1785 debita
256 1726 385 1783 naturae
406 1723 551 1797 retinens,
575 1722 700 1783 fastidia
722 1722 803 1784 vitae

130 1812 232 1874 nescis
253 1812 376 1873 iocundi
398 1811 491 1888 risus,
514 1811 630 1872 occasio
654 1811 778 1891 quaevis

132 1903 263 1962 allatura
285 1903 412 1976 metum,
435 1901 540 1963 similis
564 1901 746 1980 quandoque
768 1901 888 1961 belismi

132 1992 270 2066 affectus,
293 1991 376 2052 color
398 1990 506 2070 egestis
529 1990 561 2050 in
584 1991 717 2051 faecibus
741 1995 819 2065 ater,

58 2095 111 2138 ιιιι
132 2081 274 2141 deformis
298 2080 413 2141 scabies
435 2080 504 2157 plus
528 2078 673 2140 inferiora
695 2081 868 2140 molestans.

131 2168 265 2247 partmit
287 2170 344 2229 hoo
366 2168 543 2246 dampnum,
567 2169 594 2230 si
616 2170 701 2248 longi
723 2167 868 2247 temporis
890 2186 962 2228 usus

131 2257 245 2335 pabula
266 2259 416 2319 restauret
436 2258 579 2319 membris
602 2258 759 2339 grossique
782 2259 883 2318 diaeta

132 2345 289 2426 sanguinis
313 2349 488 2426 augmentet
510 2348 678 2424 cumulum,
700 2367 754 2426 per
776 2366 869 2425 quam
892 2348 978 2424 niger
1000 2347 1107 2406 humor

133 2438 278 2498 offensam
301 2437 414 2514 splenis
437 2439 565 2516 generet.
604 2438 801 2515 complectere
825 2455 903 2515 quac
927 2436 988 2496 sint

60 2543 114 2584 reso
132 2527 209 2587 talia
232 2526 388 2586 versiculo.
426 2527 540 2601 caules,
562 2527 671 2603 lentes,
694 2525 779 2602 faba,
801 2525 882 2604 pisa,

133 2615 264 2677 dacfflns
287 2617 319 2675 et
340 2614 472 2692 milium,
494 2633 543 2676 res
566 2615 675 2692 dulcis,
698 2617 793 2693 pulpa
814 2614 942 2675 bovinae

133 2705 245 2779 carnis,
269 2705 423 2783 caprinae,
446 2704 614 2783 leporinae,
636 2706 753 2766 finctus
776 2705 816 2765 nd
837 2720 925 2763 usum

133 2792 296 2872 procedens
318 2795 454 2854 novitate
478 2812 547 2869 sua,
570 2796 651 2872 pire,
673 2794 812 2872 mespila,
835 2811 936 2869 poma,

207 2933 276 3000 1817
296 2945 332 3012 cf.
347 2947 388 3002 Io.
403 2946 553 3000 induretur
571 2943 651 3015 splen
671 2949 699 3002 et
716 2944 917 3017 magnificatur
933 2943 1009 3014 quod
1028 2961 1061 2998 ex
1079 2945 1158 2997 tactu

134 3055 180 3108 est
192 3051 354 3123 intelligere
370 3051 381 3126 ll
400 3057 470 3107 1888
484 3067 553 3108 nare
571 3052 636 3108 fluit
654 3053 750 3125 niger.
768 3068 805 3108 ne
822 3048 883 3123 nig⁵
904 3053 973 3121 (stre
991 3052 1097 3118 oltolb
1111 3050 1158 3118 (cs.

133 3163 292 3216 morl-381
315 3143 391 3214 sie:
404 3161 525 3245 nature).
562 3163 600 3229 cf.
615 3161 690 3216 Plot
709 3161 739 3215 et
759 3159 928 3228 quandoque
945 3175 997 3228 per
1014 3156 1159 3212 sinistram

133 3246 234 3315 narem
259 3230 351 3286 effluit
375 3232 492 3302 sangnis
517 3231 548 3317 ll·
557 3237 625 3286 1881
652 3233 743 3314 pergit
767 3233 808 3286 Io.
833 3232 863 3286 et
887 3247 988 3299 corpus
1010 3227 1160 3283 macrescit

134 3318 187 3373 pm
167 3302 269 3443 qitliu
241 3301 407 3446 {twigs
419 3303 623 3444 difflatu?
646 3301 1161 3446 initii}tetrusvrsiffngirlimcficogx

135 3390 221 3516 iringi>
243 3461 297 3500 usu
315 3444 424 3500 melanc
426 3378 546 3500 oliae(
517 3445 595 3522 diste
612 3447 687 3501 Plot.
711 3445 721 3516 ll
744 3449 815 3499 1888
834 3443 1034 3512 augmentato
1057 3443 1066 3514 ll
1091 3447 1160 3495 1882

135 3532 236 3571 carnes
256 3516 271 3571 t
