2604 3900
223 825 297 907 EX
328 825 608 908 GLOSULIS
638 824 1103 908 AFFORISMORUM

312 994 631 1077 SECUNDUM
660 993 1010 1076 MAGISTRUM

471 1163 857 1246 OARDINALEM

429 1335 573 1406 (prologus
592 1334 652 1391 cod.
668 1336 755 1391 Basil.
770 1335 794 1388 D
809 1336 822 1389 Ι
837 1337 890 1403 16).

224 1515 306 1570 Vita
331 1515 445 1570 brevis
472 1516 524 1569 est
552 1530 608 1568 ars
632 1530 710 1569 vero
738 1514 850 1584 longa.
895 1513 1020 1584 Corpora
1044 1513 1175 1569 humana

154 1587 288 1642 continua
310 1585 481 1641 resolutione
504 1585 689 1640 resolvuntur.
714 1584 793 1640 euius
813 1601 899 1640 causa
917 1588 960 1640 est
978 1585 1089 1655 triplex.
1112 1603 1174 1641 una

153 1659 196 1712 est
215 1657 317 1712 debilis
336 1657 505 1728 coagulatio,
525 1674 559 1712 ex
578 1673 635 1726 qua
654 1655 805 1726 coagulata
823 1660 897 1712 sunt.
921 1657 1024 1726 unde¹)
1043 1674 1100 1711 non
1118 1658 1173 1712 ha-

153 1729 221 1783 bent
244 1729 346 1782 fortem
364 1728 511 1795 virtutem,
533 1732 566 1783 ut
589 1729 699 1798 possint
720 1727 851 1783 resistere
874 1729 973 1783 virtuti
996 1728 1172 1796 dissolventi,

153 1802 226 1854 sieut
243 1799 393 1855 mineralia
414 1803 531 1869 propter
549 1800 651 1854 fortem
670 1798 895 1870 coagulationem
918 1801 1054 1855 resistunt
1071 1801 1173 1856 virtuti

155 1871 325 1927 dissolventi.
358 1871 434 1926 unde
457 1872 631 1926 Avioenna
654 1871 784 1925 ‘Utinam
812 1886 930 1940 corpora
954 1874 1052 1926 nostra
1076 1875 1174 1927 essent

153 1943 315 2009 mimalia,
338 1945 370 1997 ut
390 1943 507 1998 nonita
526 1943 582 1998 cito
602 1941 841 1997 dissolverentur'.
875 1942 1005 1998 Secunda
1024 1947 1173 1998 causaest

153 2015 220 2083 quia
233 2018 441 2084 componuntur
453 2031 487 2068 ex
499 2015 656 2080 contrariis,
672 2030 727 2082 que
742 2013 899 2070 adinvicem
912 2016 1001 2085 agunt
1015 2016 1044 2069 et
1056 2015 1172 2084 patiun-

151 2088 206 2153 tur,
226 2087 316 2141 omnis
331 2089 426 2141 eutem
439 2085 534 2155 passio
548 2086 640 2155 magis
654 2085 732 2139 faeta
751 2085 841 2140 abicit
857 2102 876 2140 a
894 2086 1054 2141 substantia
1072 2103 1173 2141 seeun-

153 2158 219 2211 dum
233 2157 490 2226 philosophum‚
510 2160 539 2211 et
552 2157 594 2210 ita
608 2157 740 2212 continue
755 2157 952 2212 dissolvuntur.
974 2157 1071 2212 'l'ertia
1084 2173 1174 2212 eausa

153 2230 196 2283 est
210 2228 353 2298 elongatio
367 2229 518 2283 nutrientis
533 2245 551 2283 a
569 2244 599 2282 re
616 2228 733 2282 nutrita.
762 2229 965 2284 nutrimentum
984 2230 1059 2283 enim
1073 2245 1173 2298 recep·

152 2305 213 2354 tum
231 2300 262 2353 in
280 2316 396 2369 corpore
415 2303 509 2354 nostro
530 2299 621 2353 multa
644 2300 832 2355 inmutatione
852 2303 992 2367 mutatur,
1016 2302 1172 2369 antequem

152 2371 266 2425 nutriat.
298 2369 437 2440 digeritur
456 2371 531 2425 enim
548 2372 641 2439 prima
660 2371 818 2440 digestione
837 2375 867 2426 et
884 2371 1008 2426 secunda
1027 2375 1057 2426 et
1073 2372 1172 2438 tertie,

153 2443 242 2496 etita
260 2441 350 2496 multa
369 2441 402 2495 fit
420 2442 592 2511 deperditio‚
616 2444 769 2510 antequam
790 2444 917 2497 nutriens
935 2442 1051 2497 nutriat.
1084 2441 1173 2497 relin-

153 2512 216 2582 quit
238 2513 325 2567 etiam
348 2512 453 2567 multas
476 2513 712 2582 superfluitatesb
738 2513 770 2567 in
795 2530 923 2583 corpore,
948 2531 1003 2582 que
1028 2514 1173 2570 contrarie

152 2587 218 2638 sunt
243 2587 344 2638 nature
369 2585 459 2638 nostri
485 2585 615 2668 corporis
635 2588 664 2640 et
690 2589 873 2668 corrumpunt
898 2601 1006 2668 eorpus.
1042 2588 1076 2670 nt
1101 2602 1171 2670 ergo

152 2656 814 2796 tsizelttttffittlltitillabit
827 2656 1172 2782 &blitildem

152 2797 333 2865 solutionem,
352 2800 404 2853 hee
423 2801 519 2853 eutem
538 2800 581 2852 est
599 2798 748 2853 medicina.

223 2886 274 2940 Est
293 2890 387 2941 eutem
407 2887 547 2943 medicina
566 2886 742 2941 nobilissime
761 2887 949 2942 scientiarum.
978 2889 1021 2942 est
1038 2886 1112 2941 enim
1132 2888 1171 2942 de

152 2974 267 3026 corpore
281 2957 405 3014 humano
424 2962 453 3014 et
472 2960 507 3013 de
526 2958 702 3014 nobilissima
718 2958 887 3026 substantia,
905 2959 989 3013 homo
1003 2959 1077 3012 enim
1092 2959 1171 3028 apud

150 3064 298 3134 theologos
324 3065 429 3120 dieitur
453 3065 630 3121 nobilissima
656 3068 857 3121 ereaturarum.
896 3048 943 3134 1‘3')
969 3064 1025 3118 alie
1050 3065 1171 3120 scientie

151 3139 201 3190 aut
220 3139 286 3190 sunt
305 3135 340 3191 de
358 3136 442 3192 rebus
460 3136 669 3207 generabilibus
689 3139 718 3191 et
734 3135 964 3206 corruptibilibus
977 3138 1098 3203 tantum,
1118 3140 1171 3191 ent

150 3209 185 3262 de
204 3207 355 3262 celestibus
373 3210 499 3275 tantum,
522 3209 663 3262 medicina
682 3210 777 3263 autem
801 3212 844 3263 est
866 3210 925 3262 tam
947 3207 982 3262 de
1000 3207 1063 3262 istis
1082 3225 1170 3276 quam

151 3280 186 3333 de
204 3279 270 3334 illis.
303 3280 452 3334 nonenim
471 3278 561 3333 solum
580 3279 719 3334 rectificat
738 3279 936 3348 dispositiones
957 3279 1094 3348 corporis,
1118 3280 1170 3335 sed

224 3477 250 3542 1)
268 3477 355 3530 unde:
376 3461 413 3531 vti
431 3475 488 3529 eod.
505 3477 569 3544 (pro
586 3453 640 3545 dt).
731 3477 757 3544 2)
778 3474 997 3545 superfluitates:
1017 3461 1095 3530 sr’m.

224 3581 250 3649 3)
269 3565 301 3649 1‘3:
320 3584 360 3637 sie
377 3581 444 3649 cod„
463 3587 494 3636 ct
511 3582 597 3648 infra.
