2604 3900
143 162 187 225 64
333 151 335 154 ·
597 157 711 212 555555

144 307 262 386 cogitur
285 307 377 383 elabi,
400 309 450 367 vel
472 308 643 368 lubricitate
666 309 786 368 lacertis

142 397 269 456 mollitis
291 399 398 474 nequit
419 397 534 456 includi
556 417 623 457 cum
646 415 720 458 vasa
742 399 859 457 relaxat

142 485 307 546 humiditas
329 489 518 564 transgressa
539 487 675 564 modum,
698 487 747 548 vel
769 487 889 547 flemma
912 493 1029 550 55551555

72 596 125 637 5555
143 576 271 652 ampliat
293 576 418 636 ardoris.
463 575 605 635 Fluidum
628 578 654 636 si
676 593 796 655 sperma
817 576 963 653 relinquit
1022 595 1025 601 ·

143 666 339 742 appropriata
362 665 422 748 sibi
442 665 524 741 loca,
547 666 667 726 consule
690 666 826 726 sensibus
850 685 889 726 an
912 668 953 728 sit

142 756 200 813 huc
222 754 295 814 illuc
317 755 401 815 velut
423 755 504 813 unda
525 755 628 814 fluens.
666 755 692 814 si
715 756 803 831 oopia
825 755 939 832 findit,

142 844 276 919 plectura
299 845 339 903 sit
362 843 494 922 signum,
518 844 683 921 complexio
706 844 806 923 larga,
829 845 932 905 diaeta

144 934 175 992 et
196 932 293 993 fluxus
316 934 412 993 maior
435 951 589 1010 superans.
625 933 651 992 si
673 951 747 993 vasa
768 935 901 994 remollit

73 1039 124 1080 5555
142 1021 320 1097 humiditas,
343 1022 400 1082 tibi
423 1023 507 1082 notio
531 1025 572 1082 511
594 1040 663 1082 caro
685 1023 787 1083 mollis
810 1023 968 1084 adinstar

143 1113 244 1186 lanae,
268 1111 400 1172 defectus
424 1130 528 1172 sensus
553 1130 620 1170 oum
643 1112 801 1188 spermatis
825 1112 920 1172 imber

23 1264 25 1268 ,
144 1200 285 1276 distillat,
309 1200 412 1261 erebro
436 1201 561 1260 collecta
584 1200 734 1278 superflua
757 1219 844 1261 sexus

142 1291 343 1350 iustrumenta
365 1292 496 1370 gravant
517 1289 609 1349 fluxu.
646 1292 803 1368 perspecta
826 1291 927 1349 diaeta

56 1406 58 1410 ·
144 1382 198 1438 aut
221 1381 305 1458 aegri
326 1383 438 1439 natura
460 1381 562 1457 potest
583 1379 632 1438 551
655 1379 771 1438 tardior
794 1382 876 1440 aetas

72 1486 125 1526 5555
143 1469 318 1528 confirmare
340 1469 444 1544 fidem,
466 1469 516 1528 vel
539 1461 666 1528 faex'de
689 1470 835 1547 sanguine
858 1469 980 1547 pinguis

142 1559 328 1634 proveniens.
366 1559 392 1617 si
413 1559 514 1617 fervor
537 1556 622 1617 adest
644 1558 787 1634 laxosque
809 1560 952 1637 meatus,

143 1647 248 1721 efficit,
271 1647 328 1706 hoc
351 1649 420 1706 5515
443 1647 525 1706 55155
548 1646 651 1706 edocet
673 1650 704 1707 et
727 1647 808 1706 color
831 1647 890 1708 5515

142 1738 209 1814 igni
232 1735 408 1811 consimilis,
432 1736 551 1811 effusio,
573 1736 708 1812 flamma,
730 1736 871 1796 iuventae

142 1827 189 1886 vis
213 1825 412 1902 complexiva,
436 1824 550 1885 calidae
574 1827 685 1884 551555
709 1825 834 1885 diaetae.

72 1930 124 1971 5555
215 1914 369 1975 Indeiessa
392 1915 471 1974 55151
491 1915 654 1993 genitalem
677 1916 799 1974 tendere
822 1915 939 1993 virgam

142 2021 315 2083 porgesmos
339 2023 457 2065 sumens
481 2004 678 2064 satirorum
701 2005 763 2078 (a)
787 2005 907 2063 nomine
930 2021 1038 2063 nomen

144 2093 302 2168 deflexum,
325 2112 379 2153 neo
403 2094 441 2154 ad
464 2094 602 2153 effectum
627 2093 736 2153 effrena
759 2094 900 2154 voluntas

143 2184 324 2259 pertransire
347 2185 459 2259 potest,
483 2184 514 2241 51
537 2184 563 2242 51
586 2182 768 2260 quandoque
791 2182 961 2261 pigrescens

144 2271 256 2331 decidit
277 2272 389 2331 affeetu
411 2273 559 2349 completo
582 2273 669 2349 lapsa
690 2273 822 2350 resurgit

74 2376 125 2416 5555
144 2363 174 2420 51
196 2360 331 2420 rediviva
354 2377 442 2419 suum
466 2361 554 2421 solito
578 2362 614 2421 ds
635 2380 718 2420 more
741 2363 873 2420 tenorem

144 2450 309 2510 continuat.
346 2449 439 2508 talem
461 2453 586 2510 55551555
609 2449 722 2511 cibaria
744 2453 858 2527 pestem

216 2607 285 2656 1548
304 2601 434 2656 mollitis:
459 2599 499 2656 Gir
522 2602 639 2657 mollitis
663 2604 679 2656 b
703 2603 713 2675 ll
736 2607 805 2656 1549
829 2601 955 2656 flamma:
979 2602 1015 2670 ef.
1034 2601 1166 2660 Rarum.

144 2675 161 2728 l.
177 2691 198 2729 5.
214 2674 258 2744 (11
276 2674 351 2729 enim
371 2672 539 2741 quandoque
559 2689 593 2727 ex
611 2673 704 2728 calore
723 2689 791 2729 5555
811 2672 961 2743 spermatis
980 2672 1137 2745 aperiente)
1156 2675 1168 2748 Ι)

145 2750 213 2799 1551
229 2745 352 2800 distillat
365 2746 425 2816 (sic)
442 2746 458 2800 b
476 2743 575 2870 lq31558
589 2747 720 2814 gravant:
740 2760 861 2814 gravam
881 2747 896 2799 b
915 2744 925 2817 ll
944 2743 1166 2816 mortuosque

145 2820 190 2885 (m.
211 2815 299 2871 efficit
317 2817 352 2884 cf.
368 2818 460 2886 aperit
508 2817 602 2884 ortt.):
621 2815 731 2887 laxatq3
751 2815 882 2888 bll15⁶2
901 2816 930 2868 b'
947 2816 1019 2886 (hoc)
1039 2817 1055 2872 5

217 2891 285 2942 1565
303 2889 379 2944 rubr.
399 2887 441 2942 De
460 2887 607 2956 satyriasis
626 2887 718 2942 causis
737 2886 826 2957 signis
849 2887 997 2957 speciebus
1020 2887 1037 2942 b
1058 2886 1069 2960 ll
1094 2893 1166 2944 1556

143 2974 318 3029 porgesmos:
344 2961 393 3014 555
415 2960 546 3014 vocabulo
568 2976 642 3014 amos
663 2961 754 3014 555555
776 2959 975 3015 cormeatibus
998 2960 1040 3028 (ist
1062 2961 1166 3016 viatico

143 3033 202 3098 5,2
219 3031 315 3098 passio
334 3033 377 3085 est
395 3047 468 3099 quae
486 3046 649 3101 porgesmos
666 3033 792 3100 vocatur)
817 3047 852 3085 55
873 3046 926 3100 qao
945 3031 976 3084 E
992 3030 1083 3098 idios,
1105 3033 1167 3088 51555

143 3103 253 3158 comice
271 3101 345 3157 Plot.
365 3104 413 3170 qai
431 3118 464 3157 ea
482 3102 573 3157 codem
590 3102 666 3169 fonte
687 3119 740 3156 555
764 3103 853 3158 troad
870 3109 945 3168 (eom
966 3047 1067 3156 (155551
1089 3119 1166 3158 555555-

143 3175 216 3229 tione
230 3180 256 3228 et
269 3172 471 3242 Stepbomais).
499 3190 553 3229 eoa
566 3179 696 3242 correpto
709 3174 805 3228 55555555
816 3173 992 3242 priapismon
1006 3175 1166 3242 555555155-

144 3253 190 3301 tur
208 3243 422 3316 moriaphismos
443 3247 475 3299 s're
494 3246 633 3314 Pocteqm‘
651 3244 754 3311 (donst.
774 3245 814 3299 ed.
829 3245 898 3300 Bos.
914 3247 998 3312 1539)
1017 3249 1094 3312 510
1116 3246 1166 3301 aad

143 3317 302 3386 priapiscus
315 3317 392 3385 apud
401 3316 569 3386 Stephanum
579 3316 644 3382 (Ali
652 3315 816 3383 5555515555)
826 3317 857 3370 555
869 3316 960 3371 eodem
972 3313 1071 3388 555515
1081 3317 1166 3385 (quod

144 3387 253 3457 addida)
272 3404 323 3443 555.
339 3390 354 3442 5
370 3387 414 3457 (515
432 3388 542 3442 amnica
555 3387 694 3468 satiricsis
711 3402 746 3440 55
758 3387 823 3466 Euo.
839 3387 1038 3442 Pessimum
1055 3389 1083 3454 3,
1094 3387 1165 3513 (ΘΑ)

146 3462 214 3511 1571
242 3474 276 3511 ex
300 3458 471 3513 ventositate
498 3472 592 3510 orossa
620 3459 649 3510 et
676 3456 803 3510 mflstrva
831 3459 871 3512 Io.
896 3459 938 3528 (ut
960 3457 1059 3512 Bortb.
1084 3457 1114 3513 0.
1157 3500 1163 3512 .

147 3530 188 3596 11,
199 3532 252 3582 327
270 3546 304 3583 55
322 3529 426 3595 Paulo,
446 3529 519 3596 qaod
536 3527 654 3582 ostendit
671 3534 845 3595 comparatus
863 3528 958 3583 Simon
975 3545 996 3584 5.
1012 3527 1163 3596 5511515515)

420 3821 438 3854 b
