2584 3900
506 165 674 222 VIATICUS

86 317 189 376 imbris
212 317 309 392 abest,
334 319 448 377 colerae
471 318 558 377 furiis
582 321 613 377 et
635 319 773 395 flegmate
796 319 876 378 salso

88 407 229 486 sanguine
253 407 407 466 subtracto
431 407 570 466 membris
594 427 661 466 oum
685 407 825 483 squalida
847 426 963 468 macros

89 497 215 556 destruit
238 496 363 556 ariditas
388 499 484 570 artus,
509 496 669 572 empimate
692 497 783 574 longo

38 605 74 644 ros
89 586 118 645 vi
140 587 250 645 cronici
272 585 378 644 morbi.
397 585 497 650 ,cadit
517 587 597 644 huno
620 586 730 645 effrena
752 587 890 646 iuventus
938 637 940 643 ,

90 675 213 735 crebrius
237 676 269 734 in
293 677 420 752 pestem,
443 677 544 750 spreto
567 674 770 734 moderamine
792 677 892 736 motus

91 764 179 823 ardua
202 765 273 823 dum
297 764 420 841 quaevis
443 767 575 841 temptat
596 765 755 824 temeraria
778 765 883 824 virtus.

92 853 257 913 describunt
279 854 376 913 morbi
398 853 583 914 sinthomata
605 855 695 914 noxia
718 854 823 930 tussis,

92 943 168 1003 lenta
190 943 294 1018 febris,
318 944 458 1019 squalens
482 943 605 1017 macies,
628 942 719 1002 rubor
742 943 815 1019 oris,
840 963 963 1003 acumen

38 1050 76 1090 roo
93 1035 232 1092 extremae
256 1033 351 1108 naris,
375 1032 540 1092 horrendus
565 1033 729 1108 anhelitus,
751 1025 867 1110 ungues

93 1124 245 1196 contracti,
269 1123 407 1198 spatulae
431 1122 517 1182 dolor
540 1124 570 1180 et
592 1140 732 1198 pressura
755 1122 908 1195 sinistrae,

93 1214 242 1287 sputamen
265 1231 344 1270 nunc
367 1211 566 1288 sanguineum
588 1231 667 1270 nunc
690 1212 777 1288 signa
799 1213 908 1272 viroris

92 1304 208 1374 portans
232 1320 311 1361 nunc
335 1320 471 1360 croceum
494 1320 572 1360 nunc
595 1301 704 1376 livens,
727 1301 792 1360 luce
816 1301 935 1377 sepulta

93 1389 216 1450 inclusus
240 1390 365 1450 latitans
389 1390 504 1450 oculus.
540 1391 667 1450 mortale
690 1391 825 1450 minatur

39 1495 73 1534 ue
93 1479 207 1538 entium
231 1480 327 1539 fluxus
351 1481 478 1554 ventris,
501 1498 586 1540 corna
608 1481 716 1540 fomite
736 1481 813 1540 fumi

92 1568 238 1628 deficiente
262 1568 365 1628 fluens.
403 1571 524 1645 sputum
548 1569 675 1631 carbone
699 1570 832 1629 solutum
924 1575 947 1610 Ψ

92 1676 224 1718 succenso
248 1659 359 1717 fetente
383 1678 505 1736 gravem
528 1659 602 1718 facit
615 1678 696 1720 ,aera
718 1660 808 1718 furno.

93 1750 215 1824 asputo
239 1749 337 1806 sanies
362 1747 555 1822 discernitur,
578 1749 655 1807 illud
676 1748 708 1806 in
732 1767 818 1806 amne
943 1805 945 1808 ,
989 1777 990 1782 ¹

93 1841 200 1913 enatat,
223 1839 280 1896 hoc
303 1837 429 1896 fundum
452 1839 529 1913 petit
552 1841 583 1896 et
605 1836 787 1915 pinguedine
812 1837 942 1915 quadam
1011 1887 1013 1891 .

38 1940 75 1980 eoo
92 1926 246 2006 inpinguat
268 1927 389 1986 laticem
413 1945 503 2002 quam
526 1927 617 1986 febris
641 1945 748 1987 cauma
770 1925 903 1986 resolvit.

157 2016 260 2075 Efficit
283 2017 439 2092 empicos
464 2016 598 2077 saniosus
622 2017 724 2092 pulmo
747 2016 898 2075 resolvens

93 2124 142 2180 pus
163 2107 292 2164 mixtum
315 2107 418 2181 sputo,
441 2105 602 2182 proditque
626 2105 754 2180 empima
777 2107 907 2177 catar'ro,

158 2263 207 2311 782
228 2257 309 2310 abest
328 2259 356 2310 b:
377 2257 429 2310 ade
449 2276 476 2311 m
496 2258 540 2326 (cf.
560 2275 584 2312 c.
599 2259 662 2323 899)
687 2256 697 2328 ΗΗ
721 2262 771 2310 783
792 2256 923 2324 squalida
947 2274 986 2309 m:
1011 2255 1105 2310 calida

92 2328 130 2400 ὺΗ
148 2333 198 2382 785
217 2329 244 2382 vi
265 2330 291 2382 b:
310 2327 326 2380 t
346 2327 409 2396 (vel)
429 2347 455 2383 ru
478 2329 487 2399 ΗΗ
507 2333 556 2382 792
577 2328 676 2381 nitoris
696 2329 712 2381 b
732 2329 736 2396 1
757 2329 789 2382 de
807 2334 886 2396 sputo
905 2329 940 2394 cf.
956 2329 1054 2382 Barth.
1074 2331 1105 2384 iu

87 2400 203 2466 pleuresi
218 2401 259 2467 (0.
276 2400 302 2454 S.
319 2403 430 2467 11,225
444 2427 471 2444 =
485 2401 539 2464 IV,
553 2403 619 2464 384)
639 2399 648 2470 ΗΗ
668 2404 719 2452 794
738 2401 778 2454 sio
792 2401 831 2454 Io.
848 2401 880 2453 de
895 2399 921 2454 S.
931 2401 1022 2454 Paulo
1037 2403 1106 2467 (ocu

91 2471 187 2542 Plato:
207 2471 283 2526 Solet
303 2473 397 2526 autem
416 2472 446 2524 in
465 2471 575 2540 ptisiois
594 2470 684 2525 fluxus
703 2471 808 2524 ventris
828 2471 872 2539 (cf.
889 2471 978 2526 Ooust.
994 2473 1057 2540 3,7)
1078 2474 1106 2524 at

91 2543 252 2610 capillorum
267 2559 327 2597 esee
342 2543 453 2612 signum
471 2543 569 2596 mortis
587 2544 616 2596 et
633 2544 665 2594 ut
681 2542 752 2596 dicit
765 2544 921 2610 ypocrates.
951 2541 1105 2610 siquidem

92 2613 223 2685 <quod?>
243 2616 377 2683 expuunt.
411 2630 495 2683 grave
515 2614 584 2668 fetet
604 2629 689 2682 supra
709 2613 843 2667 carbones
865 2611 984 2666 effusum
1006 2614 1034 2666 et
1052 2613 1106 2682 pili

91 2700 107 2736 a
129 2685 221 2754 capite
246 2685 372 2740 defluunt
395 2685 513 2738 mortale
539 2687 582 2739 est
606 2687 650 2755 (cf.
670 2687 768 2740 Barth.
794 2686 908 2752 sputum
934 2684 1055 2737 fetidum
1082 2685 1106 2738 si

91 2772 170 2824 super
189 2757 323 2811 carbones
342 2756 501 2810 infunditur
516 2757 602 2812 ...in
625 2757 680 2810 fine
705 2757 792 2810 etiam
815 2755 905 2810 morbi
930 2754 1036 2809 cadunt
1060 2772 1105 2810 ca-

90 2827 167 2897 pilli).
211 2827 372 2882 differentia
399 2830 506 2894 antem,
532 2829 627 2882 utrum
654 2829 690 2882 sit
716 2829 808 2882 sanies
832 2825 877 2880 vel
903 2826 1006 2896 flegma
1030 2829 1105 2896 qnod

90 2915 137 2965 per
155 2916 185 2952 os
209 2899 323 2966 eicitur,
347 2900 399 2952 hec
423 2901 473 2954 est.
511 2900 535 2953 si
558 2899 688 2968 ponendo
712 2900 742 2953 in
759 2915 809 2953 vas
827 2898 942 2966 plenum
962 2915 1037 2968 aqua
1055 2917 1106 2968 per

91 2971 169 3024 unius
194 2971 263 3024 hore
288 2971 412 3038 spatium
437 2972 467 3024 in
493 2971 612 3025 fundum
638 2970 826 3036 descenderit,
852 2970 945 3025 sanies
969 2971 1035 3037 erit,
1062 2971 1106 3024 sin

92 3043 195 3109 autem,
219 3041 322 3112 flegma
346 3043 390 3111 (cf.
407 3043 506 3098 Barth.
526 3044 550 3096 si
574 3044 689 3111 sputum
711 3043 741 3095 in
764 3041 839 3110 pelvi
857 3041 902 3094 vel
920 3041 951 3094 in
968 3058 1035 3096 vase
1054 3042 1105 3095 ali-

92 3129 143 3180 quo
161 3114 192 3166 in
209 3114 291 3167 nocte
310 3113 466 3182 recipiatur
485 3115 512 3167 et
531 3130 613 3168 mane
635 3129 709 3182 aqna
733 3111 827 3166 calida
850 3111 1105 3181 supereffundatur,

92 3185 207 3254 apparet
229 3185 259 3238 in
283 3185 429 3253 superficie
450 3201 522 3253 aque
543 3186 625 3254 quasi
649 3183 769 3254 quedam
790 3185 944 3251 maestitiae,
969 3185 999 3238 in
1016 3184 1105 3239 fundo

90 3257 242 3380 putsfredinet
257 3257 430 3326 remanente)
454 3256 464 3328 ΗΗ
488 3262 537 3310 796
562 3257 650 3311 fluens
674 3257 701 3310 b:
726 3256 818 3310 nitens
842 3273 869 3310 m
891 3256 900 3327 ΗΗ
924 3260 974 3310 ‘197
999 3255 1105 3310 fetente

111 3349 117 3379 :
148 3343 304 3382 omanem

160 3399 368 3454 soleamne
392 3399 554 3467 empimatis
578 3399 670 3454 causis
694 3400 722 3452 et
746 3398 833 3468 signis
857 3401 886 3452 et
910 3398 1057 3466 speciebus
1081 3401 1105 3467 b,

93 3469 124 3524 dc
147 3471 320 3538 empimathe
343 3489 369 3525 m
390 3473 394 3539 Η
415 3471 539 3538 empiooe
558 3472 573 3525 b
593 3472 642 3540 (sic
663 3471 762 3524 ruedice'
780 3486 870 3525 omues
888 3471 972 3536 Plat,
998 3471 1107 3539 Barth,

93 3543 129 3597 lo.
144 3545 214 3610 etc.):
234 3542 353 3612 empites
373 3561 399 3598 m
417 3542 427 3614 ΗΗ
446 3547 497 3597 802
516 3542 611 3611 prodit
630 3541 753 3610 empima
774 3546 832 3610 (om.
849 3544 913 3609 que)
934 3543 949 3595 b

142 3651 251 3692 Eamms
266 3653 299 3692 ed.
309 3653 388 3693 Rose.
929 3653 945 3701 3
