2584 3900
1039 199 1104 256 XXI

81 350 231 408 diaconus
267 350 365 409 factus
401 348 596 409 Breconensis
633 341 836 432 (Brecknook)
873 369 927 427 pro
969 351 1102 428 capitulo

80 437 258 499 Menevensi
275 430 423 519 (episcopi
442 437 545 497 Sancti
558 433 671 517 David)
690 439 759 498 lites
777 439 885 500 habuit
903 458 993 518 super
1012 440 1101 500 ecole-

81 528 131 588 sia
155 527 191 586 de
209 527 291 586 Keri.
313 529 391 586 hano
408 526 542 587 Adamus
562 528 719 605 episcopus
738 528 767 587 S.
782 527 885 606 Asaph
906 531 1104 606 occupaverat

81 615 421 676 excommunicationem
453 615 576 676 Giraldo
609 636 678 676 oum
709 619 772 678 suis
799 618 942 678 renitenti
971 619 1102 679 minatus

83 703 191 766 tlicet
216 706 355 766 invitus
383 705 470 783 quia
493 706 645 766 Parisiis
670 706 755 766 olim
783 707 875 767 socii
897 708 1044 767 fuerant
1068 711 1104 768 et

83 796 315 856 conscolares
334 787 411 877 (Gir.
430 794 571 854 derebus
591 814 609 854 a
627 813 658 854 se
681 794 773 873 gestis
799 800 827 871 1,
848 800 865 856 6
886 794 962 874 Opp.
981 797 997 855 I
1015 818 1044 874 p.
1060 798 1101 856 32

83 886 207 944 Brewer
229 876 331 965 1861)
354 917 398 925 -
421 878 504 944 ‘olim
528 879 631 960 ¹socii’,
659 885 710 944 sed
737 905 791 962 per
817 904 892 963 quos
920 903 1015 946 annos
1042 905 1102 946 non

83 976 212 1034 constat.
239 993 308 1032 nam
333 971 487 1048 Giraldus,
510 975 546 1033 ut
567 975 600 1031 16
618 974 789 1034 universum
812 976 877 1051 ipse
900 975 944 1034 ait
967 968 1018 1048 (de
1040 975 1102 1035 reb.

84 1083 102 1123 a
131 1082 162 1123 se
189 1061 281 1142 gestis
307 1065 335 1138 1,
355 1057 389 1142 2)
413 1057 488 1122 ‘tres
516 1065 613 1122 status
641 1082 786 1123 annorum
814 1063 947 1140 plurium
969 1063 1102 1125 Parisius

80 1153 115 1210 in
143 1151 318 1212 liberalibus
346 1151 490 1211 doctrinis
513 1151 650 1211 faciendo
678 1170 867 1229 summosque
895 1155 1102 1231 praeceptores

83 1241 205 1300 demum
234 1239 456 1318 aequiparando
492 1241 616 1300 trivium
651 1240 763 1300 ibidem
795 1241 913 1320 egregie
941 1242 1045 1303 docuit
1072 1245 1102 1302 et

81 1331 225 1408 precipue
251 1331 283 1390 in
306 1334 370 1390 arte
393 1330 542 1390 rhetorica
564 1329 684 1389 laudem
707 1326 854 1390 obtinuit'
877 1323 929 1413 (cf.
951 1334 979 1406 1,
1000 1333 1017 1389 3
1044 1326 1102 1390 ‘re-

81 1437 188 1480 versus
212 1422 312 1479 autem
335 1439 355 1478 a
377 1414 493 1478 studio'
511 1421 565 1478 etc.
585 1419 621 1478 de
644 1420 752 1479 studiis
772 1419 866 1480 Paris.
886 1420 1101 1498 posterioribus

83 1510 186 1588 legum
209 1511 240 1567 et
262 1509 454 1568 decretalium
477 1510 508 1567 et
529 1509 699 1587 theologiae
721 1507 793 1568 ibid.
813 1511 842 1584 9,
863 1511 891 1567 1.
912 1511 940 1568 2.
965 1511 993 1585 3,
1014 1502 1056 1592 3).

158 1600 258 1657 1179:
289 1597 325 1656 In
358 1596 433 1657 actis
469 1597 587 1657 concilii
619 1597 828 1658 Lateranensis
861 1597 898 1658 ab
930 1597 1101 1658 Alexandro

81 1705 164 1764 papa
196 1687 243 1746 III
279 1689 442 1747 convocato
478 1706 586 1746 nomen
623 1689 788 1764 praesentis
824 1686 979 1747 exhibetur
1010 1689 1102 1748 etiam

83 1775 195 1836 Adami
226 1768 339 1857 (Marsi
363 1775 474 1836 Concil.
492 1776 586 1851 XXII,
606 1778 669 1834 217
695 1777 731 1836 of.
751 1773 839 1860 467).
877 1776 1100 1840 Oantuariensis

80 1867 164 1924 enim
187 1865 414 2012 provinciapRhi
435 1866 795 2014 nffinisnegrgplpoepisgospi:

387 1973 456 2013 ama
489 1975 508 2012 u
647 1974 744 2012 meni

341 2043 489 2103 Robertus
513 2043 721 2103 Herfordensis

341 2132 489 2192 Iohannes
512 2131 701 2193 Nervioensis

342 2219 498 2282 Adamas
522 2221 561 2281 de
586 2219 717 2281 Sancto
742 2220 865 2298 Asaph

341 2309 448 2370 Petrus
471 2305 681 2370 Menevensis’.

80 2401 142 2458 huc
171 2397 314 2475 pertinet,
348 2419 425 2475 quae
455 2401 547 2459 etiam
576 2402 608 2459 in
637 2401 726 2460 Notis
755 2398 882 2460 Antonii
910 2399 987 2478 Pagi
1019 2401 1101 2478 apud

80 2489 249 2546 Baronium
272 2481 364 2568 (Ann.
384 2489 453 2548 6661.
473 2488 517 2550 ed.
536 2488 608 2549 Luc.
627 2489 697 2548 XIX
720 2509 749 2566 p.
769 2489 832 2547 499
860 2489 897 2548 cf.
915 2487 1015 2549 Mansi
1036 2491 1056 2548 1.
1076 2509 1099 2549 6.

79 2598 110 2654 p.
132 2573 212 2654 248)
230 2577 385 2654 repetitur,
403 2579 511 2637 Bulaei
528 2579 662 2638 narratio
682 2573 765 2658 (hist.
778 2598 833 2637 un.
852 2577 920 2636 Par.
938 2577 970 2636 II
991 2600 1020 2656 p.
1036 2580 1098 2639 716

80 2667 119 2725 cf.
141 2658 220 2746 667)
243 2686 279 2725 ex
296 2665 449 2726 Walteri
470 2667 578 2744 prioris
603 2667 632 2726 S.
647 2667 779 2727 Victoris
803 2666 1025 2727 dialecticorum
1048 2667 1099 2726 ad-

80 2754 208 2815 versarii
231 2757 390 2834 aegerrimi
413 2748 480 2837 (qui
504 2757 651 2816 trinitatis
673 2757 826 2817 invasores
849 2757 985 2833 increpat
1006 2755 1098 2816 Abai·

79 2844 210 2919 lardum,
229 2844 352 2904 Petrum
365 2844 574 2921 Lombardum,
597 2846 721 2906 Petrum
738 2845 966 2920 Pictaviensem,
985 2843 1099 2906 Gilber·

79 2938 150 2994 tum
182 2933 379 2994 Porretannm
414 2929 490 2995 ‘uno
527 2934 636 3012 spiritu
669 2934 861 2994 Aristotelioo
900 2930 1037 2994 inflatos’
1068 2938 1100 2996 et

80 3023 172 3099 quasi
186 3018 387 3099 ‘labyrinthos
402 3016 572 3104 Franciae’)
591 3025 623 3083 in
642 3043 730 3101 opere
749 3027 853 3084 contra
868 3023 1034 3085 haereticos
1049 3017 1099 3106 (de

78 3113 173 3172 titulo
201 3111 271 3170 libri
293 3133 321 3172 v.
335 3113 465 3173 Bulaeus
488 3134 517 3190 p.
532 3114 605 3172 402.
627 3113 700 3174 629.
731 3113 845 3172 Denifle
872 3106 1098 3195 1116161404)

79 3201 117 3260 de
138 3199 256 3261 Adamo
274 3220 393 3279 quoque
412 3221 480 3262 oum
498 3202 678 3278 quibusdam
698 3201 899 3262 cardinalibus
918 3203 1099 3281 repugnanti

80 3293 188 3350 666116
210 3291 414 3350 Alexandrum
437 3311 548 3369 papam
570 3291 632 3368 Ill,
662 3310 730 3350 oum
752 3292 784 3351 in
808 3291 934 3352 concilio
957 3291 1099 3351 Lombar-

80 3379 155 3440 dum
177 3381 203 3439 is
228 3380 369 3440 damnare
392 3382 620 3440 moliretur...
640 3375 785 3450 ‘Quidam
808 3400 877 3441 vero
901 3379 1099 3440 cardinalium

81 3470 265 3547 egressi
292 3472 364 3529 sunt
386 3489 421 3529 ex
444 3470 629 3530 consistorio.
676 3468 805 3538 Quidam
827 3468 919 3529 etiam
942 3469 1097 3544 episcopus

79 3557 245 3618 Wallensis
262 3558 360 3619 Adam
383 3559 476 3620 exivit
498 3578 565 3619 cum
587 3557 649 3617 illis
672 3558 771 3618 dicens
790 3557 917 3618 Domine
939 3575 1019 3636 papa
1042 3574 1097 3634 ego
