2584 3900
530 153 697 208 VIATIGUS

107 325 175 363 eum
198 307 288 365 nutat
310 305 437 364 rationis
461 325 550 382 apex,
574 305 712 365 discretio
736 307 829 365 fallax

106 393 263 470 mentitur,
286 414 355 453 cum
378 395 536 454 succedens
559 413 590 454 se
613 393 723 454 subicit
745 415 835 455 error.

49 499 88 538 rio
106 483 213 543 Prodit
235 486 398 561 utrumque
420 484 547 558 malum,
571 484 635 544 aine
658 484 749 544 febris
772 490 922 560 caumate,
946 505 1037 546 causa

106 573 279 650 multiplici.
315 573 380 633 vini
401 576 491 649 potus
515 574 541 633 si
564 573 650 633 cedat
672 575 703 632 in
726 592 815 633 usum

106 681 160 721 nee
183 681 322 722 mensura
345 665 443 740 rogat,
466 664 515 722 vel
537 662 563 722 si
586 664 701 722 fervore
724 661 874 742 nigrescat

107 751 244 829 sanguis,
266 753 315 811 vel
338 752 451 811 colerae
474 753 559 813 furor
581 753 725 811 interiora
748 752 845 812 calore

107 843 288 915 concremet,
312 843 366 900 aut
387 840 484 919 frigus
508 841 641 919 algentes
665 843 845 917 comprimet
868 847 964 917 artus,

50 945 87 984 ιιι
106 931 134 989 si
155 929 266 989 biberit
289 929 384 1005 vinu,
408 930 456 990 vel
479 929 600 1008 sanguis
624 930 746 990 flumine
768 932 864 991 multo

105 1021 247 1096 erumpat
269 1019 317 1078 vel
339 1020 366 1078 si
389 1020 493 1079 solitos
517 1019 675 1097 deperdere
699 1021 796 1079 diseat

107 1126 259 1186 egressus,
283 1108 307 1168 si
330 1108 548 1187 mandragorae
572 1109 620 1169 vel
643 1127 731 1168 sucus
755 1110 862 1170 edatm

106 1197 284 1274 iusquiami,
308 1199 334 1257 si
356 1217 417 1258 non
440 1198 522 1275 capit
544 1197 743 1258 oblectamina
765 1200 883 1276 sompni

106 1285 265 1364 palpebra,
289 1286 315 1346 si
337 1287 455 1346 cerebro
478 1287 652 1347 dominatur
673 1288 747 1347 lima
770 1288 877 1348 caloris

52 1391 89 1430 rao
108 1375 248 1451 ariditas,
272 1376 298 1435 si
321 1377 403 1436 laesa
426 1396 495 1436 earo
518 1377 611 1437 livore
635 1377 778 1454 nigrescit

108 1466 198 1525 dente
220 1465 302 1524 oanis
324 1465 436 1541 rabidi,
460 1466 486 1526 si
509 1466 683 1544 drImifagia
706 1467 828 1543 chymos

107 1553 282 1629 incendant,
305 1555 332 1613 si
354 1558 527 1632 corruptum
550 1555 701 1632 spiracula
723 1559 844 1615 sumant

108 1663 193 1718 aera,
215 1644 242 1704 si
264 1646 395 1703 mentem
418 1644 577 1705 conturbat
598 1645 687 1705 turbo
709 1644 827 1704 timoris

108 1736 164 1792 ant
186 1733 248 1792 irae
271 1733 369 1792 rabies
393 1734 487 1793 studii
510 1735 557 1794 vel
580 1753 657 1811 pena
680 1733 787 1811 quieti,

54 1837 90 1877 ιιι
109 1823 158 1881 vel
180 1824 207 1882 si
229 1822 321 1901 longa
343 1823 432 1882 nimis
456 1823 575 1883 solvent
597 1823 710 1883 ieiunia
733 1842 849 1899 corpus,

108 1912 156 1970 vel
179 1911 250 1971 faba
273 1913 321 1972 vel
343 1912 450 1972 similis
474 1912 568 1972 sitin
590 1931 648 1972 usu
671 1912 803 1990 grossior
826 1931 906 1988 esca,

109 2002 157 2060 vel
180 2001 206 2060 si
229 2001 385 2061 conturbet
407 2001 539 2061 animum
563 2020 704 2078 pressura
727 2001 845 2061 doloris.

110 2090 144 2149 Si
166 2091 290 2168 sanguIs
313 2109 435 2150 causam
457 2091 510 2150 dat
531 2090 642 2164 morbi,
661 2090 795 2151 versibus
817 2110 908 2168 aeger

110 2179 220 2239 alludit
241 2181 326 2239 vario
349 2199 452 2240 vocem
474 2180 677 2242 modulamine
699 2180 845 2253 formans,

56 2269 237 2329 resolvitur
258 2269 291 2327 in
312 2269 406 2329 risum
427 2271 587 2329 mimorum
609 2268 721 2348 gaudia
744 2270 820 2329 falso

183 2425 235 2475 210
252 2423 327 2476 rubr.
347 2422 382 2474 de
401 2438 487 2476 eausa
506 2419 599 2476 menie
618 2424 647 2476 et
665 2420 831 2476 melancolia
851 2422 879 2487 b,
906 2420 1000 2474 Mania
1023 2423 1052 2474 et
1071 2436 1128 2474 rne-

110 2491 231 2546 lancolio
251 2508 335 2548 cause
353 2491 443 2546 XXIII
461 2512 488 2548 m
506 2493 516 2565 ΙΙ
534 2498 586 2547 213
600 2493 733 2547 interiore
747 2511 775 2548 m
792 2491 802 2565 ΙΙ
821 2498 873 2546 214
888 2493 1049 2546 concremat
1061 2493 1105 2546 ιιι
1122 2492 1125 2563 Ι

110 2598 190 2669 alges
209 2605 243 2653 ιι
263 2600 385 2668 aprima
403 2602 419 2655 ι
437 2600 447 2672 Ι
466 2606 517 2653 ιιι
534 2576 610 2654 aiala
627 2617 665 2655 m:
685 2598 924 2669 attrectatae
942 2598 952 2669 Ι
971 2603 1021 2651 uo
1037 2614 1128 2652 emm-

109 2707 153 2774 pit
172 2705 217 2761 mb
233 2707 237 2774 Ι
254 2705 358 2761 solidos
374 2725 401 2761 m
419 2706 429 2778 ΙΙ
448 2712 499 2760 217
519 2725 602 2761 sucus
620 2725 659 2761 m:
680 2724 778 2761 succus
793 2709 809 2762 b
827 2706 837 2778 ΙΙ
856 2712 907 2759 219
922 2703 1035 2759 cerebro
1055 2674 1128 2775 (eiad)

111 2815 138 2867 b:
159 2790 271 2869 creb⁰m
293 2813 303 2885 ΙΙ
326 2818 378 2867 220
397 2811 422 2867 si
440 2813 499 2868 lesa
519 2831 583 2869 caro
602 2832 641 2868 m:
661 2813 761 2868 lenaei
781 2829 846 2868 caro
866 2813 882 2866 b
903 2817 907 2878 Ι
928 2813 1063 2882 nigrescit
1085 2814 1129 2868 ιιι

110 2892 152 2953 (ut
167 2884 328 2939 dominator
340 2916 367 2925 -
381 2886 469 2955 capit)
483 2886 493 2959 ΙΙ
507 2891 557 2940 221
573 2886 737 2955 dimiIragIa
750 2903 786 2951 m,
801 2883 957 2953 dimifrigia
969 2885 985 2939 b
1001 2886 1005 2954 Ι
1022 2885 1129 2939 chimce

109 2958 154 3012 mb
177 2955 187 3028 ΙΙ
211 2961 262 3009 222
281 2956 435 3011 incendant
453 2975 491 3012 mr
512 2957 649 3011 accendat
668 2959 683 3011 b
704 2960 708 3026 Ι
728 2959 843 3010 sumant
861 2959 944 3025 (sir—at)
964 2957 992 3011 b:
1015 2959 1130 3010 sumunt

110 3047 136 3081 m
159 3027 170 3100 ΙΙ
193 3032 245 3081 228
269 3027 294 3082 ei
316 3030 409 3082 mente
432 3047 470 3083 m:
496 3031 586 3082 suffita
610 3030 626 3084 b
647 3031 651 3097 Ι
672 3027 822 3082 conturbat
845 3029 903 3098 (sle)
926 3028 969 3082 aab
993 3030 997 3096 Ι
1020 3027 1129 3083 timoris

110 3098 214 3169 (turris)
237 3099 265 3154 b:
289 3099 407 3153 tumoris
430 3117 457 3154 m
478 3099 489 3172 ΙΙ
513 3106 564 3155 224
588 3100 690 3168 quieti:
716 3098 820 3168 quietis
843 3101 886 3154 mb
909 3097 918 3170 Ιξ
942 3104 993 3151 225
1018 3099 1129 3153 solvunt

111 3172 172 3240 (sic)
190 3170 234 3225 mb
251 3169 262 3242 ΙΙ
280 3175 332 3225 226
350 3171 424 3225 emec
441 3187 547 3226 aarum
561 3177 626 3241 poet
643 3189 668 3226 c.
681 3175 736 3226 227
749 3172 789 3225 cic
808 3171 888 3225 addit
906 3188 932 3223 m
951 3169 981 3222 Si
999 3168 1129 3223 fabarol

111 3239 213 3296 similis
289 3241 299 3314 ΙΙ
318 3247 368 3295 222
384 3241 535 3297 conturbat
553 3245 569 3298 b
589 3241 664 3312 (-bet
682 3245 719 3310 m)
737 3241 746 3312 ΙΙ
765 3246 817 3295 228
832 3243 907 3296 rubr.
923 3240 1010 3310 Signa
1030 3241 1054 3294 si
1073 3239 1130 3295 sint

111 3330 146 3367 ex
165 3313 302 3382 sangnine
321 3313 418 3367 mania
435 3316 465 3368 et
482 3313 650 3369 melancolia
669 3315 697 3380 b,
722 3312 752 3366 si
773 3313 811 3367 eit
834 3329 867 3366 ex
891 3310 1028 3382 sanguine
1048 3312 1129 3381 signa

112 3402 168 3440 sex.
187 3391 236 3454 pp.
256 3390 290 3438 ce]
311 3384 412 3439 sitiri.
431 3387 460 3440 et
478 3386 525 3440 hu.
544 3404 571 3441 m
592 3394 596 3456 Ι
617 3401 730 3439 caueam
750 3385 801 3438 dat
819 3402 857 3438 m:
882 3383 933 3435 dat
951 3398 1063 3436 causam
1083 3385 1098 3436 b
1121 3385 1129 3453 ΙΙ

113 3461 165 3510 230
190 3457 340 3510 mimorum
363 3457 391 3511 b:
418 3459 569 3526 nuptorum
592 3474 627 3510 m.
668 3457 703 3522 cf.
723 3455 830 3509 saltant
852 3455 927 3508 Plat.
951 3457 987 3521 (=
1005 3453 1130 3507 letantur

113 3528 170 3582 cod.
191 3529 265 3583 Vrat.
286 3528 315 3583 0.
335 3528 362 3582 S.
382 3529 503 3595 1L124)
