2584 3900
170 192 213 256 22
620 189 733 244 EGIDII

169 341 257 416 potus
281 341 426 400 mentitur
448 358 530 401 aeres
553 358 643 416 sapor
665 341 733 400 oris.
770 341 809 401 ad
831 341 924 402 ictum

169 427 274 489 debilis
297 432 328 489 et
351 429 456 505 durus,
480 430 637 490 succedens
660 430 777 505 crebro,
799 449 935 491 morosus

169 519 283 596 pulsus.
320 519 498 578 confirmant
519 518 643 578 dubium
665 518 794 596 fideique
817 520 990 582 ministrant

110 624 150 662 ιιι
167 608 337 686 ingressum
360 610 470 686 species
492 608 621 685 inspecti
643 609 799 686 temporis,
822 628 894 669 usus

168 698 250 759 vitae
273 699 440 773 consultus,
463 699 561 776 regio,
584 698 757 775 complexio.
794 718 886 775 penas

169 790 278 862 quarta
300 786 363 847 dies
385 786 513 864 replicat
534 787 631 865 magis
652 787 834 864 uberiusque
857 788 1006 848 molestat.

240 875 369 950 Humor,
391 877 514 950 vermis,
537 895 631 953 aqua,
654 880 774 951 ventus,
797 895 935 952 venuca,
957 877 1083 937 nocivus

169 985 233 1038 aer,
256 967 414 1025 consectae
437 965 551 1040 sordes,
575 966 711 1026 contusio
734 966 885 1026 laedunt

110 1068 149 1108 sss
169 1053 339 1113 auditum.
376 1055 403 1114 si
426 1072 516 1114 cansa
539 1072 647 1114 nocens
670 1056 711 1115 sit
733 1057 841 1116 noxius
863 1056 971 1114 humor

168 1146 223 1202 aut
245 1163 308 1218 aer,
331 1146 450 1219 tempus
473 1143 567 1202 vitam
591 1145 777 1220 speciemque
802 1146 912 1205 doloris

168 1233 287 1292 urinum
310 1234 427 1292 vultum
450 1233 554 1308 pulsus
577 1251 670 1310 genus
695 1236 785 1310 atque
808 1235 935 1312 figuram

168 1321 300 1398 corporis
323 1322 473 1396 attendas,
497 1340 574 1398 quae
597 1322 792 1383 consistentia
814 1325 909 1400 prosit

169 1412 246 1470 aeris
270 1414 324 1470 aut
346 1414 459 1470 noccct.
498 1411 522 1471 si
545 1411 654 1471 vermis
677 1414 776 1472 motus
799 1413 830 1471 in
855 1431 939 1486 cure,

111 1513 150 1553 ιιι
168 1499 318 1559 sensibilis
340 1501 442 1578 fragor
462 1499 629 1576 inmensus,
653 1501 834 1562 discursibus
858 1502 966 1577 amplis

169 1587 337 1647 errabunda
359 1589 456 1648 locum
481 1592 634 1665 permutat
651 1591 760 1666 passio.
796 1593 898 1669 signat

168 1677 335 1736 laedentem
358 1678 478 1737 laticem
501 1679 679 1755 praecedens
702 1681 833 1756 perfluus
854 1679 949 1739 imber

169 1768 275 1827 balnea
297 1766 346 1825 vel
368 1767 477 1843 capitis
501 1767 629 1842 ablutio,
653 1771 753 1846 passio
776 1769 872 1830 maios·

168 1859 199 1915 in
222 1859 306 1915 motu
329 1855 436 1932 cupitis
459 1857 507 1916 vel
531 1875 597 1915 cum
622 1859 760 1934 depressa
783 1858 922 1918 deorsum

111 1959 149 1999 ιιι
167 1946 316 2006 submissa
339 1945 451 2006 cervice
477 1945 579 2006 dolens
604 1948 796 2023 suspenditur
819 1948 907 2007 auris.

167 2035 369 2111 pneumatosis
394 2038 466 2094 nota
488 2035 632 2109 tinnitus,
655 2037 737 2096 dolet
757 2037 870 2097 inscius
893 2055 952 2095 uno

168 2127 246 2184 stare
269 2125 348 2199 locu,
372 2125 489 2184 validus
512 2126 626 2185 inmoto
650 2126 759 2185 vertice
783 2129 881 2186 motus

166 2213 301 2273 interius.
339 2215 492 2273 stomacho
516 2215 677 2291 subrepens
700 2233 790 2275 causa
813 2214 944 2274 dolorem

168 2302 317 2378 sincopat‚
339 2304 371 2360 in
395 2302 493 2378 capite
517 2303 641 2363 latitans
665 2306 781 2363 occasio
805 2323 911 2381 penam

110 2406 149 2444 ιιι
167 2392 331 2450 continuat.
368 2410 505 2464 verruca,
529 2393 592 2452 lues
615 2392 723 2452 limosa
746 2392 856 2452 doloris

167 2481 267 2540 nescia
290 2479 432 2538 diminuit
455 2481 589 2556 auditus,
612 2482 682 2540 huic
704 2481 761 2540 tibi
783 2482 838 2540 fiat

167 2589 201 2628 ex
225 2569 291 2630 visu
315 2568 476 2628 manifesta
498 2569 579 2630 fides.
616 2571 751 2630 contusio
774 2571 873 2630 fedam

167 2659 279 2719 emittit
301 2658 429 2733 saniem,
452 2658 599 2718 tumidam
623 2660 695 2718 dum
717 2660 855 2720 sublevat
878 2678 987 2718 aurem.

238 2797 290 2846 487
310 2793 408 2846 adistis
428 2794 455 2848 b:
476 2792 588 2846 adulter
606 2811 633 2847 m
656 2793 665 2864 Η
688 2799 739 2848 480
760 2793 906 2848 confirmat
979 2793 1123 2847 ministrat
1142 2793 1156 2846 b
1172 2788 1182 2860 Η

167 2868 219 2918 400
238 2865 395 2934 tempium,
414 2867 472 2932 tpis
492 2865 507 2918 b

239 2939 290 2988 403
309 2935 385 2990 rubr.
404 2935 447 2990 De
472 2935 576 2990 doloris
599 2936 709 2988 aurium
729 2937 816 3006 signis
836 2939 864 2990 ct
883 2937 976 2990 causis
995 2938 1024 3004 b,
1048 2936 1084 2990 de
1103 2934 1180 2990 dimi-

168 3005 287 3060 nucione
313 3009 354 3075 (ut
377 3006 467 3062 Goeut
488 3012 513 3073 2,
532 3011 558 3074 7)
586 3006 699 3060 auditus
724 3023 807 3062 causo
829 3006 894 3061 VHI
922 3025 985 3061 cum
1011 3007 1100 3078 signis
1126 3024 1152 3060 ιιι
1176 3005 1178 3012 ’

168 3076 201 3132 Η.
222 3092 297 3146 aqua
313 3079 414 3132 ventus
433 3078 535 3131 vermis
554 3080 570 3132 6
587 3078 597 3150 Η
616 3083 668 3131 494
686 3081 750 3133 inde
768 3081 803 3133 ab
822 3080 872 3134 boc
889 3095 968 3134 uerso
987 3082 1065 3148 (494)
1089 3081 1121 3134 io
1138 3093 1180 3131 ca·

168 3156 251 3204 temo
273 3149 410 3203 uolumine
432 3164 485 3202 osu
508 3151 576 3203 adeo
599 3149 714 3204 detritus
737 3157 776 3205 est
798 3169 824 3204 m
847 3156 878 3204 ut
900 3151 960 3205 sine
982 3166 1031 3220 ope
1049 3147 1179 3206 codicisb

167 3221 219 3291 tepc'
238 3221 349 3276 oenoisw
362 3235 419 3274 nors
434 3221 568 3288 potuisset
580 3221 582 3292 Η
596 3222 726 3274 convecta
740 3239 779 3275 m:
799 3220 916 3276 collecte
931 3221 946 3275 b
959 3220 970 3292 Η
983 3226 1036 3275 600
1049 3221 1144 3276 ἱιιιδιίι
1157 3219 1179 3284 6,

167 3309 230 3346 -sus
246 3294 278 3362 (0)
293 3309 320 3346 m
334 3291 344 3364 Η
358 3295 410 3344 602
424 3289 546 3360 pcedens
566 3292 593 3345 b:
612 3291 739 3364 pendens
757 3309 784 3346 m
802 3293 812 3364 Η
830 3297 881 3346 607
902 3293 976 3347 stare
990 3311 1029 3348 m:
1050 3295 1124 3346 state
1140 3291 1155 3346 b
1171 3287 1181 3358 Η

168 3367 219 3417 608
239 3363 391 3432 subrepens
405 3379 433 3432 m
447 3363 605 3431 (sunepens
624 3363 649 3430 b)
667 3361 678 3434 Η
696 3367 748 3415 610
767 3362 797 3416 si
815 3380 880 3418 vero
899 3362 994 3431 alique
1012 3364 1116 3419 occidit
1134 3361 1179 3417 ant

168 3449 232 3488 caro
249 3433 390 3504 superflua
404 3432 448 3488 vel
466 3449 591 3487 verruca.
624 3434 710 3501 atque
728 3433 822 3488 sordes
842 3435 877 3488 dc
896 3434 1043 3503 superfluis
1061 3432 1179 3489 humori-

168 3504 220 3558 bus
243 3505 340 3559 insunt
363 3507 430 3559 orte.
469 3504 499 3557 in
522 3504 673 3573 propatulo
694 3504 825 3558 videntur
844 3508 883 3559 Io.
899 3506 932 3560 dc
951 3505 978 3561 S.
995 3508 1026 3562 P.
1043 3507 1150 3574 (fi137)
1171 3501 1180 3572 Η

168 3581 218 3630 611
239 3576 286 3630 hic
306 3577 322 3632 b
342 3578 396 3645 (mt
411 3576 510 3644 detrit.)
