2604 3900
171 174 214 238 66
623 171 737 226 aaron

170 322 233 382 Has
257 326 382 401 generat
404 324 515 398 speeies
538 323 697 381 humorum
720 323 807 398 eopia
829 341 935 383 nervos

170 413 344 486 incurvans,
367 411 438 470 dum
461 412 648 472 contrahitur
671 413 719 470 cui
742 413 822 471 linea
843 415 926 472 recta

100 519 152 560 icoo
171 518 341 560 mensuram
363 501 458 560 trahit
479 501 511 559 in
534 502 642 576 latum,
665 501 714 560 vel
737 501 785 560 cui
808 501 947 562 laterales

170 589 311 649 distrahit
332 590 365 648 in
387 591 510 667 longum
533 594 634 666 partes
658 591 729 649 dum
751 590 865 650 crescit.
901 591 1025 652 habebis

169 679 238 738 inde
261 679 362 754 fidem,
385 681 411 738 si
433 680 594 755 plectorieo
617 681 657 738 sit
675 698 798 756 corpore
819 679 910 756 plena

170 768 315 845 sanguine
339 788 415 828 vena
436 772 568 843 tumenS,
592 769 618 828 si
640 768 794 828 luxuriosa
817 768 918 828 diaeta

169 859 338 933 praecessit.
374 858 399 917 si
422 858 606 934 consumptis
629 858 805 916 humoribus
827 863 928 917 ortum

100 970 151 1011 reos
169 947 218 1005 hic
240 947 346 1022 recipit
368 946 502 1021 morbus,
525 947 648 1021 macies,
670 947 796 1020 ieiunia,
818 946 916 1006 fluxus

169 1037 282 1096 ventris
305 1037 353 1095 vel
376 1037 506 1096 vomitus
529 1037 653 1110 nimius,
675 1037 708 1094 in
730 1037 853 1096 vulnere
876 1036 975 1096 factus

170 1127 327 1200 corruptus
350 1125 486 1202 sanguis,
509 1125 595 1185 labor
616 1128 737 1202 ingens,
759 1129 893 1201 tempore
915 1126 1013 1184 multo

170 1215 326 1274 continuat
347 1213 467 1274 morbus
490 1234 607 1291 penam.
643 1214 713 1272 fidei
734 1215 912 1274 manifestae

169 1303 313 1363 iudicium
334 1306 480 1379 praestat,
503 1305 530 1362 si
552 1323 658 1364 nervos
681 1303 787 1364 noxius
810 1304 896 1381 algor

99 1393 328 1456 1e1ocontrahit.
364 1395 437 1452 haec
459 1393 555 1471 regio,
578 1396 696 1469 tempus
720 1393 768 1452 vel
790 1393 898 1452 balnea
921 1391 1050 1470 signant.

241 1482 339 1542 Anus
362 1483 397 1540 in
421 1501 603 1561 egressum
625 1484 729 1559 peccat
750 1502 839 1559 qoem
862 1481 975 1542 nisibus
999 1481 1109 1558 amplis

169 1571 322 1646 protrudit
344 1574 469 1648 patiens.
506 1589 649 1649 superans
672 1570 852 1648 quandoque
874 1572 1001 1630 lacertos

168 1661 333 1720 humiditas
356 1662 456 1720 mollit
478 1664 508 1719 et
529 1661 701 1721 lubricitate
724 1661 864 1720 deorsum

168 1749 289 1808 labitur.
326 1749 435 1809 indicio
457 1750 516 1808 tibi
538 1750 745 1828 designabitur
768 1752 864 1827 aegri,

99 1861 151 1902 1e1s
169 1841 195 1900 si
218 1840 311 1898 nimio
334 1840 402 1898 nisu
425 1841 487 1900 fiat.
524 1840 550 1899 si
571 1840 705 1899 membra
728 1839 844 1898 relaxat

168 1929 346 2004 humiditas,
369 1931 414 1989 vis
438 1929 587 1989 sensibilis
610 1929 753 2007 pigrescit
773 1927 898 2002 ibidem,

168 2020 308 2080 humores
331 2038 430 2078 secum
452 2020 562 2078 mixtos
585 2021 698 2096 egestio
721 2021 836 2094 portat,

169 2112 200 2166 et
221 2110 318 2186 magis
341 2112 377 2168 ut
398 2108 468 2166 fidei
490 2108 648 2166 firmentur
669 2108 791 2181 robora,
813 2109 935 2185 signant

170 2199 251 2274 aegri
275 2216 351 2273 quae
373 2198 466 2256 fuerit
487 2198 651 2274 complexio
675 2215 788 2273 quaeve
811 2197 919 2255 diaeta.

99 2307 151 2346 reso
240 2286 369 2362 Imperio
393 2290 501 2346 natura
524 2305 577 2346 suo
600 2305 740 2346 mensura
762 2285 919 2345 remittit

170 2375 293 2433 debita
317 2394 395 2451 quae
417 2376 550 2434 mulier
572 2375 681 2450 mittit,
704 2395 772 2435 cum
794 2374 883 2434 tarda
906 2377 1042 2434 senectus

169 2463 280 2539 pabula
303 2463 444 2523 subducit
465 2465 619 2541 membris,
642 2483 710 2523 cum
731 2465 803 2524 flore
824 2464 964 2523 iuventae

169 2557 344 2628 consumpto
367 2572 458 2630 rugas
481 2554 539 2614 sihi
561 2553 808 2632 quadragesimus
831 2571 925 2614 annus

243 2693 311 2742 1598
330 2689 364 2755 cf.
380 2691 421 2743 Io.
441 2688 473 2740 fit
491 2690 585 2742 autem
604 2705 638 2742 ex
657 2688 833 2756 plenitudine
852 2691 881 2742 et
896 2686 1060 2741 inanitione.
1085 2688 1190 2756 repleti
1297 2689 1298 2750 i

170 2759 245 2812 enim
261 2761 338 2813 nervi
353 2760 406 2814 etsi
423 2760 576 2813 secundum
590 2760 679 2814 latum
694 2759 883 2814 extenduntur
898 2759 1051 2812 secundum
1069 2758 1189 2829 longum

169 2832 266 2883 tamen
289 2831 499 2885 contrahuntur.
523 2833 556 2884 ut
579 2848 675 2885 saccus
695 2831 730 2885 de
749 2830 824 2885 corio
846 2830 981 2884 stramine
1003 2829 1137 2898 repletus.
1163 2833 1190 2886 si

170 2904 343 2954 evacuantur
362 2902 398 2955 ad
417 2920 497 2956 suum
517 2903 697 2970 principium.
721 2903 907 2971 conugantur
929 2904 958 2954 et
977 2903 1188 2957 convertuntur.

170 2974 202 3025 ut
220 2988 421 3040 pergamenum
441 2974 477 3027 ad
501 2974 588 3028 solem
603 2973 648 3028 vel
667 2975 704 3028 ad
727 2975 822 3043 ignem
846 2973 1015 3041 appositum.
1040 2972 1188 3043 Signa...

170 3077 271 3150 (anot.
290 3081 354 3133 viat.
376 3086 402 3148 1,
418 3083 464 3148 24)
488 3080 497 3152 ll
521 3085 589 3134 1599
614 3081 659 3134 cui
682 3080 758 3135 linea
781 3082 888 3135 rectal:
912 3057 931 3149 <¹1
954 3079 1011 3134 lica
1033 3083 1112 3134 recta
1137 3082 1153 3136 b
1179 3081 1190 3152 ΙΙ

169 3191 240 3311 ἐεοο
250 3186 355 3311 6113ῇέ1
369 3189 427 3311 (hasa
442 3188 466 3312 ab
474 3190 478 3256 ι
495 3187 615 3240 resume:
635 3187 750 3256 longum
769 3190 812 3258 (at
828 3205 853 3241 v.
868 3189 931 3256 aeq.)
951 3189 966 3241 o
983 3189 987 3254 ι
1004 3187 1061 3240 eui:
1082 3164 1101 3256 ᾇ
1115 3189 1188 3256 (qui)
1296 3239 1297 3292 ἶ

173 3259 211 3449 Γ,
233 3265 310 3454 119ξ11
330 3261 523 3384 rdtdebxitue
542 3330 590 3382 ani
609 3330 641 3382 fit
660 3329 747 3397 signis
766 3330 859 3384 causis
878 3329 1024 3398 speciebus
1043 3330 1059 3383 b
1081 3329 1091 3400 ll
1117 3336 1188 3384 1612
1296 3299 1297 3393 i

183 3416 312 3524 rans1620
330 3472 404 3525 rubr.
424 3471 568 3524 Menstrua
591 3473 724 3524 contenta
747 3471 834 3540 signis
858 3473 950 3526 causis
974 3471 1121 3540 speciebus
1141 3475 1157 3527 b
1182 3475 1186 3546 Ι

171 3539 282 3606 Inperio
302 3543 317 3595 b
335 3541 344 3613 ll
365 3548 432 3595 1623
452 3542 677 3609 quadraseeimue
696 3543 754 3610 (aie)
774 3543 790 3595 b
