2604 3900
579 147 747 202 VIATIOUS

1 371 3 382 Ι
144 301 177 361 si
205 300 249 360 sit
271 301 303 358 in
325 302 487 378 augmento
511 299 603 376 lapis,
627 302 840 376 augmentatur
863 318 962 358 arena.

42 416 114 457 1⁵25
145 393 178 450 si
206 390 410 464 confirmetur,
434 389 635 462 macrescit,
659 387 711 448 sed
733 389 895 447 minuetur.

231 478 358 558 Collige,
381 477 543 555 tripliciter
565 477 662 554 specie
686 477 810 538 discissa
832 478 963 538 facultas

147 568 320 646 mingendi.
356 568 479 627 solitam
502 566 663 627 dissuria
686 570 830 646 prorogat
851 567 972 642 horam,

149 658 279 732 scuria
303 657 348 715 nil
370 656 484 732 irmdit,
507 655 652 734 guttatim
670 657 753 716 faece
775 655 932 717 recludens

150 745 390 825 stranguriae
412 763 553 822 pressura
575 745 662 822 pluit.
698 765 777 805 nunc
800 745 934 822 simplice
958 765 1048 806 causa

48 862 123 902 reso
150 837 302 911 exoritur,
325 854 404 894 nunc
426 837 504 894 hanc
526 836 686 894 humorum
708 836 796 912 copia
818 853 928 911 penam

150 925 273 984 inducit
295 943 372 1001 quae
395 925 511 986 viscoso
534 924 712 1003 glutinoque
734 927 834 992 tenaci

150 1015 275 1091 inpedit
296 1015 400 1073 urinae
424 1032 551 1074 cursum.
589 1014 625 1074 fit
647 1013 686 1072 ad
709 1014 765 1073 hcc
789 1013 845 1074 tibi
868 1015 988 1093 signum

152 1105 286 1163 minctus
309 1105 342 1163 in
365 1102 454 1162 urina
476 1102 597 1180 pingui,
620 1102 737 1164 viscosa
761 1102 874 1178 diaeta,

152 1193 335 1270 plectoricus
358 1193 484 1269 patiens.
522 1211 592 1252 cum
614 1211 736 1253 causam
759 1192 866 1252 noxius
891 1195 977 1271 algor

52 1307 127 1348 raas
152 1283 262 1356 efficit,
285 1283 359 1342 haec
382 1283 517 1360 signant,
540 1282 639 1358 pallor
661 1282 804 1359 patientis
829 1285 859 1341 et
882 1300 934 1343 aar

152 1371 316 1446 brumalia
339 1373 449 1430 natura
471 1371 538 1430 loci.
576 1372 601 1430 si
623 1373 725 1448 passio
749 1371 834 1431 nervi

153 1461 300 1520 ariditate
323 1462 419 1536 venit,
442 1461 566 1534 macies,
590 1461 754 1522 contractio
778 1459 917 1534 membri,

151 1553 264 1627 longus
287 1550 466 1626 praecedens
489 1549 611 1609 morbus
635 1550 691 1610 tibi
715 1551 775 1610 sint
797 1551 862 1610 vice
885 1551 973 1628 signi.

151 1639 181 1699 si
207 1640 248 1698 sit
269 1642 443 1715 apostaseos
467 1640 617 1715 collectio,
640 1659 730 1700 causa
753 1639 855 1699 dolore

53 1753 129 1794 1540
151 1731 247 1802 atque
270 1732 386 1788 tumore
410 1729 469 1788 loci
491 1731 604 1804 pateat.
642 1731 669 1788 si
692 1730 825 1790 calculus
849 1729 963 1804 obstat,

150 1820 214 1877 hoc
237 1816 425 1878 ambaesius
448 1837 515 1877 cum
538 1820 619 1878 faece
642 1818 761 1879 notabit
784 1836 882 1878 arena.

228 1906 361 1984 Prodiga
383 1907 540 1967 materiam
565 1909 749 1984 praescripto
773 1908 849 1967 velle
873 1908 1008 1967 refundit

150 1999 287 2055 humano
310 1996 414 2075 generi
435 1999 562 2056 naturae
586 1999 689 2073 turpia
710 2000 813 2056 texens

152 2085 289 2162 dampna
312 2105 510 2164 gonorreae
533 2086 686 2146 violentia.
723 2085 860 2163 pluribus
885 2089 985 2144 ortum

55 2196 130 2239 1545
152 2174 284 2252 suscipit
307 2195 343 2233 cx
366 2177 472 2234 causis.
510 2176 608 2235 laticis
632 2195 703 2235 nam
725 2175 823 2235 stillat
846 2175 885 2234 ad
908 2177 1003 2234 instar

152 2283 275 2340 sperma
298 2264 387 2323 nimis
410 2264 547 2340 fluidum,
572 2267 620 2324 vel
642 2264 820 2324 habundans
843 2284 914 2325 vase
936 2266 1051 2343 repleto

231 2412 298 2460 1626
317 2409 392 2462 rubr.
413 2407 454 2462 De
479 2409 579 2462 dissur.
600 2410 684 2462 suria.
703 2409 854 2478 stranguir.
875 2409 963 2479 signis
988 2406 1135 2478 speciebus
1161 2411 1176 2463 b

152 2479 193 2544 cf.
212 2480 285 2534 Plot.
305 2481 337 2533 irc
359 2497 419 2548 cap.
438 2481 471 2534 de
494 2481 587 2548 lapide
610 2496 644 2535 ex
666 2481 733 2535 Gor.
754 2481 873 2549 (Escol.)
893 2485 918 2547 3,
933 2485 1047 2536 62-64.
1085 2483 1126 2535 Io.
1146 2483 1177 2534 ia

146 2552 269 2620 proprio
296 2567 371 2620 cap:
400 2550 578 2620 Stranguiria
606 2554 648 2605 est
673 2552 813 2622 praelusio
838 2553 930 2607 vesice
956 2552 1069 2620 quando
1094 2551 1177 2605 urina

151 2621 293 2692 guttatim
316 2623 460 2692 mingitur.
499 2622 528 2676 Si
546 2638 611 2677 vero
630 2623 791 2677 nullatenus
816 2625 909 2677 emitti
926 2625 1021 2692 potest
1038 2621 1094 2675 nisi
1112 2625 1177 2690 post

151 2693 263 2747 horam.
301 2693 423 2747 dissuria
447 2693 615 2762 appellatur.
654 2694 684 2747 si
707 2694 814 2748 diutius
839 2699 933 2749 autem
953 2694 1033 2747 urine
1053 2693 1177 2746 officium

151 2765 322 2833 denegatur.
350 2767 450 2819 scuria.
494 2765 580 2818 Fiunt
608 2781 641 2819 cx
670 2767 776 2820 eisdem
805 2766 897 2820 causis
917 2808 923 2819 .
940 2809 968 2820 ..
1015 2765 1177 2819 Nascuntur

151 2836 244 2890 etiam
272 2853 306 2891 ex
333 2837 434 2890 crossis
462 2839 490 2890 et
514 2837 630 2891 viscosis
658 2837 822 2891 humoribus
851 2836 1045 2906 oppilantibus
1073 2835 1177 2891 collum

149 2907 255 2962 vesice.
288 2906 475 2977 intelligimus
490 2908 546 2962 hoc
560 2909 628 2976 quia
641 2908 778 2976 precessit
793 2909 871 2962 dieta
889 2908 1052 2977 generativa
1071 2925 1177 2963 crosso-

150 2995 219 3032 rum
238 2982 267 3032 et
279 2979 450 3033 viscosorum
468 2980 626 3034 humorum.
660 2980 829 3049 quandoque
848 2997 883 3034 ex
901 2981 993 3034 acutis
1010 2980 1176 3034 humoribus

152 3051 297 3120 contingit
323 3051 398 3118 quod
426 3051 619 3120 cognoscimus
647 3068 698 3120 per
723 3052 803 3106 urinc
829 3052 960 3106 ruborem
986 3055 1014 3105 et
1039 3052 1174 3105 ardorem.

152 3167 234 3249 fiunt·
247 3168 343 3220 autem
361 3183 395 3221 ex
414 3167 519 3237 frigido
539 3168 623 3236 cerel
645 3145 752 3237 Colligb
770 3167 878 3235 triplici
897 3170 956 3238 (sic)
976 3175 1026 3292 spe
1045 3135 1132 3222 (ilcila
1151 3169 1174 3222 b.

150 3239 192 3304 cf.
213 3253 253 3292 erc
275 3237 377 3308 collige
397 3244 466 3292 2322
490 3238 500 3312 ll
523 3244 592 3294 1628
612 3239 717 3294 scuria:
741 3241 760 3294 i.
780 3240 904 3294 ischuria
925 3243 929 3309 Ι
949 3238 1109 3294 recudens:
1133 3256 1175 3294 rc-

152 3308 248 3363 cludit
267 3309 283 3364 b
301 3309 311 3382 ll
330 3315 400 3363 1529
420 3311 579 3380 stranguric
598 3312 613 3364 b
632 3310 642 3383 ll
662 3316 729 3365 1532
749 3311 778 3364 h’
798 3314 813 3366 b

229 3385 299 3464 Ibit
318 3381 459 3466 robch
483 3398 628 3465 gomorrae
652 3385 710 3453 (sic)
735 3383 827 3465 causis
850 3382 939 3452 signis
964 3381 1111 3449 speciebus
1131 3383 1172 3466 bl*

152 3452 557 3582 tltifllletllttlti
572 3453 872 3580 assistitis&
886 3452 1065 3589 2112544
1088 3454 1175 3522 ΡΜ·
