2604 3900
22 29 24 132 1
112 39 117 47 ,

534 167 701 222 VIATIOUS

43 337 89 377 ress
108 318 242 379 occurrit
264 337 351 394 parce
374 318 515 377 calidum.
560 337 681 394 corpus,
704 318 801 393 locus,
825 337 888 394 aer,

21 356 23 448 l
107 425 183 485 pars
207 409 278 466 anni
299 407 393 483 recipi
415 409 558 483 poterunt
581 426 670 484 super
692 407 748 467 hoc
770 409 835 468 vice
859 409 943 486 signi.

108 495 251 556 Occurrit
273 497 363 556 calidi
386 497 454 571 plus
477 517 566 573 quam
590 497 637 556 lex
661 496 762 575 exigat
785 501 881 572 araus,

107 587 135 645 si
160 587 241 646 calor
264 585 398 660 satira,
421 586 510 646 solito
533 587 603 662 plus
625 587 716 664 ignea
737 585 818 646 lucet

106 674 216 734 urinae
238 675 343 749 facies,
366 675 484 734 vultum
506 675 597 734 rubor
619 677 759 751 occupat,
783 679 852 735 actu

43 783 89 822 1999
107 767 239 824 naturae
261 764 368 840 pulsus
391 764 505 824 veloces
528 764 667 840 implicat
687 764 766 823 ictus

107 856 140 912 et
164 853 265 913 fortes.
312 851 345 911 Si
367 871 459 912 causa
481 853 553 912 mali
576 852 611 912 fit
634 872 719 928 cura,
742 853 871 928 labores,

106 943 282 1019 insompnes
306 944 420 1017 noctes,
444 941 590 1019 studium,
613 942 727 1003 furiosa
750 943 890 1003 voluntas

106 1032 141 1090 in
166 1051 316 1106 venerem,
338 1032 449 1091 macies
472 1033 574 1092 vultus
598 1033 760 1109 oculusque
784 1033 932 1108 sepultus,

108 1120 251 1180 deficiens
273 1121 381 1194 virtus,
405 1121 498 1180 facies
522 1123 643 1196 citrino,
666 1123 798 1182 remissis

43 1228 90 1268 rese
107 1210 221 1269 ictibus
240 1210 350 1269 arteria
373 1210 510 1286 pulsans,
532 1211 656 1288 ignavia
678 1210 818 1269 membris

108 1300 271 1378 segnitiem
293 1317 452 1377 generans,
475 1299 570 1359 tardis
594 1299 764 1376 aspectibus
787 1301 903 1360 instans

108 1391 142 1447 et
165 1387 251 1466 piger
272 1387 311 1448 ad
333 1391 434 1449 motus
458 1389 574 1463 oculus,
598 1388 686 1465 quasi
706 1389 836 1465 pondere
859 1407 962 1463 pressa

107 1477 257 1556 palpebra
279 1477 457 1554 dependens.
501 1479 630 1538 rutilans
654 1478 757 1538 effusio
779 1479 880 1537 firmat

109 1567 294 1646 ambiguum.
341 1567 374 1625 Si
395 1566 579 1643 temporibus
603 1571 712 1627 natura
735 1567 869 1627 ciborum

44 1676 92 1714 1919
109 1673 219 1715 cauma
241 1657 322 1732 parit
344 1656 392 1716 vel
415 1656 487 1716 vina
509 1657 631 1717 modum
653 1660 842 1735 transgressa
864 1656 998 1731 bibendi,

108 1748 278 1824 puncturae
300 1745 440 1805 stimulus
464 1764 537 1822 epar
559 1750 720 1824 aggravat,
745 1747 861 1806 aemula
885 1747 1021 1805 fiammae

110 1835 279 1894 scintillans
302 1835 392 1893 urina
414 1835 515 1910 rubet,
538 1853 569 1894 se
593 1837 727 1895 sensibus
751 1836 837 1894 offert

110 1924 230 1984 effrenis
252 1943 306 2000 per
327 1924 461 1983 membra
484 1925 573 1984 calor.
620 1923 653 1982 Si
675 1942 764 1984 causa
787 1925 899 1983 doloris

110 2015 212 2089 passio
235 2013 271 2072 fit
292 2013 431 2088 membri,
454 2031 543 2072 sensu
564 2013 737 2073 moderante
760 2013 891 2072 docetur.

44 2121 92 2160 1919
111 2100 272 2162 Offendens
295 2103 451 2162 lavacrum
474 2103 574 2180 signat
596 2104 674 2162 cutis
699 2121 805 2179 aspera
828 2102 904 2160 (lura

185 2331 253 2379 1991
273 2341 327 2394 pro
349 2327 495 2381 19999999
518 2329 609 2396 (pacm
632 2327 702 2381 99919
725 2327 790 2396 legit
812 2327 884 2380 Dor.
903 2327 943 2380 919
964 2324 1128 2391 Occurrunt,

109 2413 197 2467 parce
224 2395 299 2451 calet
324 2413 425 2466 corpus
450 2401 511 2465 919.)
537 2399 553 2452 b
580 2398 667 2463 infert
693 2399 845 2466 aequaliter
871 2399 1045 2466 incipientem
1073 2398 1129 2464 (irs-

109 2471 159 2536 119
182 2473 322 2536 o.1927),
344 2469 424 2523 babet
446 2475 537 2524 1999991
558 2475 628 2523 recte
650 2471 784 2537 poterunt
805 2487 830 2524 9.
853 2485 905 2538 seq.
928 2468 938 2540 11
965 2473 1032 2523 1991
1056 2469 1130 2522 brasc

109 2559 134 2596 9.
160 2543 224 2608 (pro
249 2556 301 2608 quo
327 2541 442 2594 91199199
465 2539 594 2594 Occurrit
619 2555 704 2609 parce
727 2540 809 2594 cal'm
831 2542 876 2595 119
896 2543 992 2610 poscat
1015 2540 1044 2606 b)
1065 2546 1130 2607 post

109 2614 223 2666 c.1929
248 2611 325 2665 dedit
344 2612 393 2677 D„
413 2612 470 2666 9911.
492 2613 524 2666 in
549 2612 644 2666 99911
666 2619 812 2679 ponantur
835 2613 876 2667 919
901 2613 949 2680 qai
973 2612 1041 2665 991191
1064 2617 1130 2666 arnt

109 2685 232 2738 91994.
252 2686 329 2738 1997.
350 2686 428 2737 1999.
449 2686 528 2738 1995.
548 2687 626 2738 1998.
647 2687 724 2738 1999.
745 2689 824 2750 1930,
842 2683 890 2738 9991
905 2683 981 2751 apud
999 2683 1072 2736 Dar.
1089 2682 1130 2736 919

110 2757 572 2823 19911919991999991999.
593 2759 671 2810 1999,
691 2759 770 2810 1999.
791 2758 862 2810 1999
880 2757 923 2821 (r).
943 2752 1041 2824 19391
1060 2758 1129 2806 1999

108 2827 157 2880 bic
179 2829 252 2894 (poet
274 2827 394 2894 occupat
416 2828 482 2879 actu
504 2829 626 2893 91997)
644 2843 725 2882 99199
747 2828 854 2881 deloco
877 2841 927 2880 sao
945 2824 1129 2895 (1919991991-

109 2904 159 2952 aa
176 2897 208 2950 in
224 2898 243 2950 d
257 2895 422 2963 Occurrunt,
441 2897 677 2965 9919119191191.)
692 2897 856 2966 plusquam
872 2896 919 2950 lcx
936 2896 1033 2966 exigat
1051 2899 1129 2951 artus

109 2971 155 3037 (ut
172 2971 386 3036 9999991995
405 2969 432 3037 b)
454 2968 463 3041 11
488 2974 557 3023 1934
576 2970 610 3036 ef.
631 2967 705 3023 oculi
724 2968 852 3035 concavi,
876 2967 1012 3038 palpebra
1030 2967 1129 3022 molles

111 3041 143 3094 91
160 3055 258 3110 graves
278 3039 315 3092 ad
334 3040 502 3094 movendum
522 3040 602 3095 tarde
618 3042 657 3095 Io.
675 3040 883 3108 (Gar.6,14=
899 3039 961 3094 Gal.
977 3040 1015 3093 od
1029 3039 1129 3094 (11999.

111 3111 170 3177 XI,
185 3113 220 3165 12
238 3111 330 3179 Iope.)
348 3111 358 3183 11
377 3115 446 3165 1995
466 3112 600 3166 91191111)
618 3111 628 3184 11
647 3117 715 3165 1996
731 3111 868 3181 segniciae
888 3112 904 3166 t
921 3111 931 3182 11
951 3109 1129 3165 1931991191

111 3183 129 3237 b
147 3180 157 3252 11
176 3186 245 3235 1999
265 3181 294 3236 Si
310 3182 485 3252 temporibus
504 3183 531 3237 b:
552 3182 697 3251 speciebus
712 3185 741 3252 11)
756 3184 775 3236 d
792 3183 801 3255 11
822 3189 889 3237 1941
909 3183 944 3249 cf.
964 3184 1005 3238 Io.
1025 3180 1129 3235 intelli-

111 3253 191 3324 gitur
213 3269 265 3323 per
289 3253 400 3308 urinam
426 3255 544 3308 nimium
570 3255 724 3309 coloratam
750 3258 779 3308 et
804 3255 928 3309 dolorem
954 3257 984 3307 et
1009 3252 1130 3307 calorem

111 3324 205 3407 epatis
229 3323 368 3408 (incendit
393 3326 558 3394 sanguinem
583 3325 676 3379 calore
699 3326 743 3380 sui
766 3328 795 3381 et
817 3325 949 3395 spiritum
971 3322 1129 3377 naturalem

111 3394 1040 3538 11111111111111111111111111111111111
1060 3400 1129 3520 ss

111 3535 256 3593 lariorum
276 3540 334 3608 (sic)
353 3539 397 3604 bd,
415 3539 644 3594 9111999919
662 3546 708 3594 etc.
