2604 3900
147 160 191 225 ‘10
598 156 712 211 EGIDII

147 327 186 368 en
208 308 289 368 necis
311 326 351 366 en
373 306 454 367 vitae
477 309 588 366 certem
612 308 786 383 pronuntiet
807 309 920 367 horem.

77 412 129 453 rroe
146 397 281 457 Insultus
304 397 395 457 iteret
417 397 491 456 heco
513 395 613 472 passio
636 399 773 472 ternpore
796 400 877 456 certe

147 488 316 562 observans,
340 504 481 562 superans
505 487 537 544 in
561 485 697 546 acumine
719 485 922 562 lipotomiem,

147 576 256 636 durum
279 575 458 635 continuans
481 576 580 651 spetio
603 575 716 635 meiere
738 575 899 654 flagellum.

147 666 174 724 A
197 664 323 742 pedioon
346 663 446 724 differt
468 665 541 723 haec
563 663 677 740 passio,
700 664 833 723 membre
857 665 956 740 quiete

146 773 250 832 presse
271 755 371 813 ieoent
393 773 448 814 nec
470 771 577 830 spume
599 753 668 812 fluit
690 754 833 828 patientis
855 754 894 813 eb
917 772 968 812 ore

77 858 129 898 ruo
147 862 200 904 nec
223 861 359 920 spasmus
382 861 488 903 nervos
511 842 640 903 retrahit
661 861 715 902 noc
737 843 870 919 palpitat
893 847 976 902 crtus

147 952 201 993 nec
224 935 325 993 stertit
346 934 478 1010 petiens,
502 935 589 1009 quesi
611 935 732 990 mortue
753 932 886 991 membre
910 933 1077 1008 quiescunt

218 1021 375 1082 Labitur
395 1021 520 1082 iuferius
543 1023 676 1080 matrix
698 1020 879 1097 quandoque
901 1021 1025 1080 lccelem

147 1111 247 1172 sedem
268 1113 454 1188 permutans,
478 1110 549 1168 dum
571 1109 675 1187 pendit
697 1110 779 1170 follis
802 1110 840 1169 ad
863 1111 967 1170 instar.

148 1200 257 1261 eccidit
274 1202 331 1262 hoc
354 1201 450 1260 tribus
474 1219 509 1259 ex
532 1201 644 1273 oensis,
667 1199 738 1258 dum
761 1199 932 1276 superentis

78 1303 130 1344 rru
147 1292 281 1350 humoris
304 1291 380 1350 vitio
403 1289 536 1349 metricis
559 1289 629 1347 laxe
651 1287 786 1348 residunt

147 1379 268 1440 vinoule
289 1381 338 1440 rel
360 1379 443 1439 sedes
467 1378 582 1452 (dum)
606 1377 773 1455 frigiditate
795 1378 924 1437 lecertcs

147 1463 322 1546 mortificet,
345 1467 416 1527 dum
440 1467 605 1528 destruitur
628 1467 759 1542 spoliate
780 1467 883 1546 vigore

148 1560 196 1617 lex
219 1559 407 1617 contentivue
430 1559 540 1616 coneto
562 1557 759 1632 parturientis

149 1650 180 1706 et
201 1647 270 1707 nisu
291 1645 393 1706 nimio.
431 1648 457 1706 si
480 1665 571 1706 oense
593 1645 760 1723 superfluus
782 1645 890 1704 humor

78 1735 310 1810 intremuerit,
333 1735 435 1795 crebro
459 1735 546 1795 dictis
569 1735 625 1796 hoc
648 1735 755 1812 collige
779 1735 879 1813 signis.

150 1827 177 1887 si
199 1826 282 1886 sedes
304 1826 353 1884 vel
376 1827 515 1899 conetus,
538 1823 628 1884 verbo
651 1825 804 1901 patientis.

221 1915 333 1975 Flexos
357 1916 558 1974 emorreiae
582 1913 770 1986 exterminet,
796 1915 886 1989 atque
909 1913 1033 1971 notatur

149 2005 196 2064 his
219 2005 327 2084 signis,
349 2003 426 2064 fecie
450 2004 571 2078 citrino,
595 2002 724 2079 pondere
748 2021 851 2076 coxae,

149 2097 268 2153 tortura
290 2095 417 2168 ventris,
439 2113 547 2152 renum
569 2093 732 2170 gravitate,
755 2111 809 2168 per
832 2110 922 2150 enum

151 2317 256 2370 duntur
281 2317 385 2370 femine
411 2316 538 2370 confiteri
561 2317 677 2383 propter
699 2315 913 2383 turpitudinem.
941 2311 1027 2366 Retio
1051 2289 1083 2382 dr
1109 2315 1118 2380 (
1142 2313 1174 2382 ')

150 2388 260 2457 pendet
283 2388 358 2456 quod
376 2387 545 2441 verecundie
568 2385 650 2440 celet.
674 2384 803 2455 precedit
821 2387 951 2453 (o.1695)
970 2384 1043 2436 hene
1063 2383 1175 2452 passio-

150 2476 215 2514 nem
236 2459 338 2513 mentis
359 2457 493 2513 debilites
515 2461 600 2526 etque
622 2458 743 2526 pigricie
763 2457 907 2512 oculorum
926 2455 1085 2508 humiditas
1109 2471 1175 2508 cru-

149 2532 279 2599 riumque
298 2530 425 2585 defectus
444 2532 505 2600 (seq.
520 2532 598 2599 cura)
617 2529 627 2601 Η
647 2533 715 2583 1704
733 2528 904 2597 pronunciet
921 2528 937 2580 0
960 2526 969 2598 ll
989 2530 1058 2580 1706
1078 2526 1175 2594 lippo-

150 2604 268 2658 tomiem
287 2603 303 2658 0
321 2602 334 2686 l
350 2605 420 2655 1708
435 2600 573 2669 opedicon
587 2602 611 2655 0.
644 2601 679 2667 cs.
694 2602 768 2655 Plct.
785 2598 891 2668 (differt
908 2613 925 2651 e
943 2598 1043 2651 ceteris
1063 2597 1175 2666 specie·

150 2675 203 2729 bue
227 2675 350 2743 sincoprs
373 2676 442 2742 etc).
479 2672 575 2726 Simon
596 2689 617 2726 s.
636 2671 758 2741 pedicon
780 2687 864 2741 grece
882 2671 999 2724 vocetur
1022 2668 1173 2736 epilensie,

151 2739 1175 2883 100100000100000110102001

151 2889 239 2958 tingit
253 2837 348 2943 acted
359 2835 412 2943 hdo
425 2833 520 2957 pessdd
533 2885 699 2940 insentibus.
727 2887 844 2954 propter
857 2882 933 2953 quod
945 2883 1068 2951 pedicon
1082 2882 1175 2949 eliqui

152 2976 215 3014 eum
232 2959 430 3082 roceremntlp
448 2963 516 3012 1709
535 2958 641 3012 iecent:
661 2959 738 3012 tecet
757 2958 773 3011 0

226 3035 294 3082 1712
311 3031 386 3084 mbr.
432 3047 448 3084 e
471 3029 549 3082 exitu
567 3029 694 3082 metricis
712 3030 727 3082 0
749 3029 760 3099 tt
783 3032 852 3081 1714
870 3026 906 3093 cf.
920 3026 961 3080 Ic.
981 3025 1048 3080 Exit
1066 3025 1174 3080 matrix

152 3120 187 3156 ex
209 3100 391 3155 multitudine
414 3101 561 3154 humorum
586 3099 801 3168 adgraventium
824 3098 916 3166 ipsum
936 3096 982 3152 rel
1005 3113 1040 3150 ex
1064 3097 1174 3167 frigide

152 3173 219 3230 sede
238 3172 285 3228 vel
307 3188 342 3226 ex
363 3171 468 3241 frigido
487 3173 532 3240 (ec
553 3171 669 3227 Procula
689 3173 753 3240 co)
778 3170 788 3242 lt
814 3174 883 3224 1710
902 3169 982 3223 sedes
1001 3168 1070 3237 (sert.
1089 3185 1175 3238 cuper

152 3245 273 3314 lapidem
289 3245 362 3299 Trot.
377 3260 400 3298 c.
414 3245 441 3311 5)
458 3244 462 3312 Ι
479 3243 545 3296 dnm
565 3242 677 3297 addidi.-
694 3257 745 3296 om.
761 3243 777 3294 0
796 3242 855 3309 (uti
873 3240 953 3294 sedes
972 3239 1143 3310 frigiditete)
1162 3239 1175 3314 Η

155 3321 223 3370 1718
241 3314 439 3385 parturientis:
458 3313 579 3381 pecietie
598 3314 614 3368 0
634 3312 780 3380 (perieritis
803 3313 886 3379 troc.)

226 3392 295 3440 1722
321 3387 397 3440 rubr.
430 3385 472 3438 De
499 3383 576 3437 fluxu
603 3382 831 3451 emorroyderum
861 3384 953 3452 (immo
978 3382 1174 3452 tremor-rogia

154 3459 287 3523 muricis)
310 3459 326 3511 0
347 3459 351 3524 Ι
372 3454 546 3524 emorregiee
570 3455 621 3522 (cel
643 3453 797 3507 emorreiee
820 3452 855 3518 cf.
878 3452 977 3508 lleeod.
992 3453 1082 3507 Pn'ee
1105 3469 1172 3523 gyon

153 3546 181 3597 p.
195 3532 259 3594 244,
273 3530 312 3595 9):
332 3526 511 3594 emorroydee
531 3527 546 3579 0
563 3525 574 3596 Η
593 3530 661 3578 1720
681 3523 769 3576 scoies
788 3525 804 3577 0
