2604 3900
130 141 194 207 104
259 138 479 194 annumeres
498 103 674 195 romarus
693 139 741 194 nn
761 139 902 196 annoso
920 140 1041 196 eluro

501 281 531 352 <a
543 282 617 336 ssob
637 281 739 337 uibar
756 282 800 352 Π.)

198 386 285 441 Primi
304 387 371 442 libri
389 387 473 442 series
493 387 660 442 exteriorum
679 389 840 457 passionum
859 391 1012 444 tractatum
1031 391 1195 447 continuit

127 460 187 512 tam
205 475 300 515 aarum
320 475 374 527 que
392 459 423 512 in
441 459 614 528 quibuslibet
633 461 817 514 exterioribus
832 461 967 521 membris.
979 462 1039 516 fieri
1052 467 1195 530 possunt

127 533 160 584 ut
177 530 255 598 lepre
273 548 358 600 quam
377 546 473 585 earum
497 547 551 599 que
574 531 604 585 in
627 531 794 600 quibusdam
812 533 925 586 tantum
942 532 1072 601 partibus
1090 535 1190 590 fiunt.

127 603 160 654 ut
182 601 281 656 boccii.
319 602 365 656 hic
389 603 483 656 autem
506 601 579 656 liber
604 603 736 656 enodabit
760 603 904 672 passiones
930 605 1120 659 animatorum
1149 611 1193 662 et

128 671 317 741 spiritualium
339 673 535 729 membrorum.
577 673 816 742 Incipiendum
840 678 891 729 est
914 693 931 729 a
954 677 1068 745 capite
1094 679 1189 745 quod

128 747 171 798 cst
187 744 275 798 totius
295 745 417 813 corporis
435 744 523 798 radix.
552 745 603 799 sub
624 745 702 799 cuius
720 745 875 814 preiudicio
894 746 1019 801 membra
1036 747 1190 803 inferiora

128 818 336 870 commoventur
363 818 391 870 et
419 817 539 884 quodam
566 832 640 871 nexu
667 816 801 871 familiari
832 820 983 872 nectuntur
1014 819 1186 876 ministerio

127 886 281 956 naturali.¹)
310 885 379 941 (lum
393 886 482 957 igitur
496 887 597 957 capitis
611 888 700 942 multe
714 889 772 942 sint
785 889 964 960 egritudines.
994 890 1189 945 exordiamur

128 977 145 1013 a
162 958 258 1013 dolore
277 958 386 1027 capitis.
420 959 553 1027 quoniam
572 959 666 1028 sepius
685 960 846 1015 accidit

481 1127 654 1199 (Capitula
671 1129 755 1184 libri
773 1128 817 1198 II.)

127 1237 169 1292 De
188 1235 283 1292 dolore
302 1235 412 1305 capitis.

126 1308 168 1364 De
186 1309 282 1380 mania
300 1310 329 1363 et
348 1306 525 1362 melancolia.

126 1381 169 1434 De
186 1380 298 1435 frenesi.

127 1452 168 1506 De
186 1451 329 1522 lithargia.

127 1522 169 1577 De
187 1523 330 1578 scotomia.

123 1594 168 1649 ·De
187 1594 360 1663 epilempsia.

127 1665 169 1720 De
187 1665 343 1735 apoplexia.

126 1736 169 1791 De
186 1737 310 1806 paralisi.

122 1808 168 1864 'De
187 1824 308 1878 spasmo.

127 1880 169 1935 De
188 1879 282 1935 dolore
301 1878 453 1934 oculorum.

127 1951 169 2006 De
187 1951 300 2006 defectu
317 1951 401 2005 visus.

127 2023 169 2077 De
186 2023 272 2077 variis
290 2021 437 2077 medicinis
457 2021 608 2076 oculorum.

127 2093 169 2148 De
188 2093 284 2148 dolore
302 2094 421 2147 aurium.

127 2166 169 2220 De
188 2166 300 2220 defectu
319 2165 441 2219 auditus.

127 2236 169 2291 De
188 2236 333 2306 sanguinis
351 2235 436 2290 fluxu.

662 1236 703 1290 De
721 1235 843 1290 naribus.

662 1308 703 1361 De
723 1307 822 1362 coriza.

661 1380 703 1434 De
721 1379 811 1433 fetore
829 1378 948 1433 narium.

662 1451 703 1504 De
721 1451 811 1505 fetore
830 1450 894 1504 oris.

661 1522 704 1576 Dc
721 1521 799 1575 vitiis
818 1520 952 1576 dentium.

661 1593 703 1647 De
721 1593 814 1648 urula.

662 1665 703 1719 De
722 1664 877 1734 quinantia.

662 1736 704 1790 De
721 1752 796 1790 voce.

663 1807 704 1862 De
721 1808 801 1861 tussi.

663 1879 705 1934 De
724 1879 905 1948 emoptoycis.

663 1950 704 2004 De
723 1950 848 2019 empicis.

662 2020 704 2076 De
722 2021 800 2091 ptisi.

662 2093 704 2147 De
721 2091 844 2161 pleuresi
863 2094 892 2146 et
910 2091 1145 2161 peripleumonia.

661 2165 703 2218 De
722 2167 837 2219 asmate.

661 2237 703 2290 Dc
722 2236 839 2303 sincopi.

199 2327 267 2394 (fia.)
293 2324 413 2392 Reliqua
439 2325 545 2378 auxilia
571 2341 604 2379 ex
629 2325 750 2393 propriis
776 2327 841 2378 sunt
865 2323 1035 2393 requirenda
1062 2323 1177 2393 capitu·

124 2396 170 2450 lis.
197 2396 352 2450 Statuimus
367 2395 441 2450 enim
456 2397 486 2450 in
499 2397 552 2450 hoc
567 2412 651 2466 opere
665 2396 700 2450 de
715 2395 833 2465 singulis
848 2394 969 2450 breviter
983 2411 1074 2478 agere.
1103 2395 1177 2450 licet

128 2467 295 2538 quaudoque
314 2467 462 2521 decurrens
481 2483 571 2522 sermo
590 2467 711 2522 detineri
729 2483 785 2521 non
803 2467 892 2535 possit
910 2483 946 2521 ne
964 2467 1048 2520 huius
1064 2467 1106 2520 rei
1121 2467 1176 2521 ali·

128 2539 197 2608 quid
214 2540 319 2594 redeat.
351 2540 404 2593 hoo
423 2539 497 2592 enim
516 2539 622 2608 cogitet
641 2539 690 2607 qui
710 2539 777 2608 (cod.
792 2539 823 2593 D
841 2537 935 2607 cogito
954 2537 1079 2608 quidem)
1100 2538 1177 2592 eius-

127 2610 204 2666 modi
223 2613 273 2666 est.
306 2609 373 2679 quia
392 2610 441 2678 qui
459 2609 509 2662 dat
528 2609 563 2664 da
581 2609 700 2680 singulis
720 2608 828 2679 aliquid
846 2609 969 2678 plurima
986 2608 1076 2663 offert.

425 2779 453 2850 (f.
465 2784 516 2834 145
536 2777 699 2848 Capitula
716 2778 800 2833 libri
818 2777 876 2847 111.)

128 2887 170 2942 De
190 2885 312 2941 fastidio.

127 2959 170 3013 Dc
188 2957 317 3012 bulismo.

127 3029 170 3086 De
188 3029 245 3084 siti.

127 3101 170 3157 De
188 3100 354 3156 ructatione.

127 3173 169 3229 De
186 3173 303 3228 vomitu.

662 2885 703 2940 De
723 2884 836 2939 diarria.

662 2957 704 3010 De
722 2956 859 3011 lienteria.

663 3029 704 3082 De
723 3027 897 3082 dissenteria.

662 3100 704 3153 De
722 3103 877 3154 tenasmon.

662 3172 704 3225 De
722 3170 822 3239 yliacis
842 3174 870 3225 et
889 3169 993 3225 colicis.

128 3245 170 3299 De
192 3243 288 3299 dolore
312 3243 450 3297 stomachi
474 3244 502 3296 et
524 3241 636 3296 intesti-
662 3241 704 3296 De
722 3241 876 3296 lumbricis.

126 3325 127 3332 ’
163 3332 271 3370 norum.

663 3313 705 3366 De
723 3312 900 3381 passionibus
919 3312 974 3368 ani.

201 3495 226 3562 l)
246 3496 312 3547 sunt
324 3491 464 3547 Theodori
477 3491 614 3546 Prisciani
629 3490 715 3545 verba
732 3509 760 3560 p.
772 3496 833 3558 21⁷,
848 3495 882 3545 19
899 3491 995 3560 qualia
1013 3506 1048 3544 ex
1060 3489 1175 3548 Passio-

128 3564 207 3618 nario
226 3563 273 3631 111,
287 3569 322 3618 43
339 3564 427 3618 traxit
445 3562 589 3617 Iohannes.
