2584 3900
181 167 222 232 16
628 162 743 217 ncsnn

179 315 313 391 proferet
335 331 466 372 examen.
503 313 624 389 plenum
646 313 811 389 complexio
835 315 958 390 quaevis

180 405 233 463 dat
255 421 344 478 super
365 402 422 460 hoc
445 401 582 461 consults
604 401 700 461 fidem.
737 421 885 480 praesaga
908 406 1063 466 minantur

178 493 255 551 talis
277 492 364 570 signs.
386 490 513 566 malum,
536 491 644 566 ospitis
667 491 799 568 vertigo,
821 492 992 569 frequenter

179 583 313 660 caligans
337 580 454 654 oculus,
478 580 573 639 omnis
596 579 704 639 diffisa
726 600 780 657 per
803 583 886 641 crtus

122 691 161 729 000
180 670 333 749 segnities,
356 672 475 747 praeter
497 669 618 728 solitum
642 670 747 729 mortis
770 668 938 729 simulatrix

179 761 323 836 sincopis,
346 760 478 819 occultos
502 777 579 834 quae
602 759 699 818 cordis
723 759 860 835 sincopat
883 763 975 822 cetus.

250 849 306 907 His
329 849 424 907 claret
447 848 541 926 signis
565 847 675 924 duplex
698 865 799 906 suoru
822 850 954 924 passio.
991 852 1107 912 msior

179 939 318 1014 stirpitus
342 936 491 1015 extinguit
513 955 616 996 sensus
638 939 796 1012 motusque
819 957 873 1014 per
899 941 981 998 antiis

178 1027 347 1086 mortificat.
384 1045 471 1086 nores
494 1026 620 1098 olfactu,
643 1027 759 1084 luminu
781 1028 861 1101 visu,

122 1137 161 1176 000
179 1120 269 1194 gustu
292 1116 412 1194 lingue,
435 1133 542 1174 monus
565 1117 663 1188 tuctu,
686 1115 839 1175 vocalibus
862 1119 943 1176 suris

179 1209 225 1265 est
247 1205 366 1282 privato
389 1205 478 1264 sonis.
515 1223 585 1263 nom
607 1205 720 1280 primos
741 1206 848 1264 noxius
871 1205 978 1265 humor

178 1295 360 1354 ventriculos
384 1293 497 1354 cerebri
519 1311 640 1369 prorsus
662 1294 767 1370 replet.
805 1295 920 1354 ultore
942 1295 1037 1355 laedit

179 1385 298 1462 porcius
322 1403 356 1443 ex
379 1385 465 1461 perte
488 1384 614 1441 naturae
636 1401 761 1441 munere
784 1401 887 1443 sensns

179 1473 360 1547 diminuens,
384 1490 460 1549 quos
482 1491 542 1530 non
565 1491 601 1531 ex
622 1474 688 1531 toto
711 1472 880 1548 supprimit.
918 1476 998 1533 auris

122 1584 161 1622 eoo
179 1582 279 1637 voces,
302 1582 348 1622 res
371 1562 477 1638 lingua
500 1561 635 1642 sapidos,
657 1561 798 1638 visusque
822 1563 954 1622 colorum

179 1655 316 1727 naturas,
339 1651 492 1728 palpando
515 1669 635 1725 monus,
658 1651 827 1728 fragrmitia
849 1671 936 1711 nares

178 1742 351 1801 discernunt
374 1759 561 1817 quocumque
584 1740 681 1799 modo.
718 1739 770 1799 sed
792 1742 882 1799 noxia
904 1760 994 1800 causa

177 1833 210 1889 in
234 1830 331 1890 tribus
354 1832 401 1890 est
423 1831 564 1889 contenta
586 1829 673 1903 locis,
696 1833 731 1888 ut
753 1829 844 1889 ducat
866 1831 898 1888 in
921 1833 1021 1890 uotum

178 1923 238 1980 tres
261 1920 359 1979 morbi
381 1918 502 1996 species.
539 1937 609 1978 nem
632 1919 742 1978 veitice
766 1919 869 1978 clausu
890 1922 1026 1979 moratur

121 2028 159 2069 sss
177 2011 317 2070 materies
341 2010 518 2087 quandoque
542 2009 628 2085 mali,
652 2008 700 2068 vel
723 2008 829 2067 noxius
851 2009 959 2067 humor

176 2101 208 2159 in
232 2101 384 2160 stomacho
408 2100 524 2172 latitet,
550 2098 599 2158 vel
621 2116 713 2157 ceusu
735 2097 842 2156 nociva
864 2100 986 2157 remotis

177 2190 313 2265 pertibus
337 2188 492 2266 ingeritur.
530 2191 560 2246 et
582 2187 662 2246 trina
686 2204 757 2246 voce
779 2189 903 2245 notatur

177 2279 250 2337 haec
273 2277 383 2354 tiiplex
406 2277 527 2353 species.
570 2276 679 2352 quibus
703 2275 801 2334 estin
824 2276 934 2335 vertice
958 2277 1061 2335 clause

178 2385 267 2426 cause
289 2366 374 2439 moli,
398 2367 489 2441 caput
510 2365 557 2424 his
581 2364 716 2442 gravitas
739 2367 859 2424 assueto
881 2365 1021 2425 molestet

121 2473 160 2512 seo
178 2458 208 2515 et
230 2455 326 2514 maior
349 2472 451 2513 sensus
475 2457 557 2512 tenet
579 2453 761 2530 inperfectio.
799 2473 899 2512 casum

249 2666 299 2715 337
320 2661 370 2714 dat
388 2662 416 2714 b:
436 2660 482 2713 hic
501 2679 527 2713 m
546 2660 555 2730 'l
574 2665 624 2713 341
646 2661 768 2728 sincopis
784 2663 828 2728 (m,
848 2661 979 2728 syncopis
994 2661 1020 2723 b)
1039 2667 1070 2714 ut
1092 2677 1191 2729 semper

176 2734 264 2787 scedio
283 2749 349 2787 ceco
368 2732 416 2799 (ef.
431 2731 496 2787 Sim.
515 2747 536 2785 s.
551 2735 589 2798 o.)

249 2825 300 2874 342
319 2822 393 2875 rubr.
409 2819 497 2889 Signo
511 2822 540 2874 et
557 2836 639 2874 cause
654 2820 768 2874 meionis
783 2820 919 2889 epilepsis
933 2822 957 2887 b,
978 2820 1065 2890 Signo
1079 2821 1191 2875 maioris

178 2892 312 2960 epilensie
331 2891 383 2945 VII
401 2910 428 2946 m
444 2894 448 2961 Ι
464 2891 527 2944 Hiis
545 2892 589 2946 mb
608 2891 617 2962 ll
636 2896 689 2945 343
708 2892 843 2960 strepitus
857 2893 916 2960 (sio)
936 2893 952 2946 b
970 2893 980 2964 Η
999 2898 1051 2946 344
1065 2892 1144 2948 offcu‘
1155 2893 1171 2946 b
1183 2891 1192 2964 ll

178 2968 230 3016 345
249 2963 325 3016 cunis
343 2981 383 3017 m:
408 2979 489 3017 sures
509 2964 524 3017 b
547 2963 549 3034 l
579 2968 631 3016 346
654 2963 760 3031 primos
779 2964 807 3016 b:
830 2964 938 3031 primus
961 2981 988 3018 m
1010 2963 1020 3034 {l
1043 2968 1094 3017 343
1118 2965 1191 3018 mbr.

177 3034 313 3103 epilensie
327 3034 409 3104 signe
423 3035 540 3088 minoris
589 3034 639 3088 Im
652 3039 712 3103 (om.
724 3035 750 3098 5)
759 3033 769 3106 ll
779 3039 830 3087 348
845 3051 880 3089 ex
893 3036 987 3104 parte:
1003 3037 1032 3088 et
1045 3035 1106 3106 pcit
1120 3039 1192 3105 (pcr-

178 3107 227 3175 cit)
246 3107 297 3160 mb.
335 3108 369 3172 cf.
384 3108 425 3160 10.
441 3123 475 3160 ex
492 3107 553 3159 toto
572 3120 628 3159 non
646 3106 772 3160 sentiunt
791 3109 862 3175 (opp.
878 3122 911 3160 ea
929 3109 1011 3175 porte
1031 3107 1166 3172 sentiunt)
1184 3110 1192 3174 fl

177 3183 229 3231 349
249 3177 325 3230 curis
343 3194 381 3231 m:
402 3193 484 3230 eures
502 3178 517 3231 5
533 3179 537 3245 Ι
553 3178 628 3232 mbr.
648 3177 794 3231 anclensiu
812 3179 844 3231 iu
862 3194 948 3248 marg.
967 3196 995 3232 m
1014 3177 1024 3248 ll
1047 3182 1099 3231 350
1118 3179 1191 3232 rubr.

177 3247 388 3332 Guthulempsis
405 3250 438 3302 tu
451 3265 536 3318 maog.
551 3266 578 3303 m
596 3248 606 3332 [l
624 3253 673 3302 351
694 3247 839 3331 pslpanelu
857 3267 897 3303 m:
916 3249 970 3303 -do
989 3250 1005 3303 b
1022 3250 1032 3316 ll
1051 3253 1103 3302 354
1118 3249 1191 3303 eutr.

177 3320 398 3446 {iiiiiisii
419 3319 1092 3462 t⁶tl¹⁴tufstnttttltst1lltlu'f‘t·
1109 3338 1191 3462 licii

177 3463 270 3531 cupud
288 3463 344 3517 hiis
362 3481 401 3516 m:
421 3461 641 3531 cupitis(cep1's)
662 3462 677 3514 b
698 3464 702 3529 Ι
723 3462 822 3514 nsuetu
840 3479 867 3515 m
886 3461 931 3530 (ef.
947 3465 1009 3529 442)
1033 3461 1043 3532 ll
1064 3467 1116 3515 360
1136 3480 1156 3516 s.
1172 3463 1191 3514 t.

177 3553 215 3588 m:
234 3535 312 3587 tenet
331 3549 427 3587 sensus
447 3534 463 3587 b
479 3536 483 3600 Ι
501 3549 596 3586 cusum
615 3550 654 3587 m:
674 3549 786 3584 causum
806 3535 889 3600 (com)
909 3533 925 3586 b
