2604 3900
142 159 186 224 90
593 157 708 212 EGIDII

142 309 225 368 aetas
247 281 295 368 vbl
318 308 422 369 laevus
447 326 532 368 sexus
556 309 604 368 vel
626 311 762 386 tempora
785 309 883 386 prima

70 413 124 454 arao
142 398 249 456 aetatis
273 400 393 457 tenerae
416 398 464 457 vel
488 397 637 458 desidiosa
660 401 810 473 senectus,

141 486 189 545 vel
212 486 303 565 plaga
325 487 501 565 frigescens,
524 505 670 565 generans
693 489 741 547 vel
763 488 871 567 flegma
894 488 1007 566 diaeta,

142 577 196 634 aut
218 575 337 654 signata
360 575 439 636 notis
463 576 628 652 complexio
651 577 809 654 flegmatis.
845 579 921 638 hora

141 664 252 724 cretica
273 665 418 724 materiae
442 665 534 724 durae
558 667 707 744 gravitate
730 669 874 727 moratur.

212 753 341 814 Putrida
363 757 503 814 materies
527 773 588 830 qua
611 772 744 815 causon
768 756 895 816 destruit
917 760 1000 817 artus

71 858 123 899 nas
142 842 293 902 clauditur
314 844 347 902 in
369 863 446 904 vena
470 844 577 921 gracili
600 863 677 920 quae
701 846 837 921 proxima
860 845 943 905 cordi

140 934 256 1008 pectori
277 933 415 1009 pulmoni
438 934 591 993 stomacho
615 933 682 992 loca
705 934 844 994 continet.
881 936 973 994 huius

142 1021 250 1100 collige
273 1022 360 1099 signa
383 1023 436 1082 siti
458 1023 565 1098 nimia,
588 1023 743 1101 nigredine
765 1024 902 1102 linguae,

141 1111 266 1170 fervoris
290 1111 424 1185 flamma,
447 1111 571 1172 stimulo
594 1112 767 1172 vehemente
791 1112 917 1187 doloris,

141 1200 231 1276 pulsu
254 1200 351 1261 veloci
374 1200 448 1259 duro
472 1201 525 1277 qni
548 1201 668 1261 fortiter
690 1203 786 1261 instat

71 1291 173 1348 arceat
195 1289 311 1366 crebro,
334 1290 430 1350 mixta
451 1289 536 1348 tenui
556 1289 748 1350 mediocriter
770 1294 862 1366 atque

142 1397 283 1455 spumosa
305 1380 387 1438 saoce
410 1378 531 1453 iecoris,
553 1378 715 1439 tinnitibus
738 1381 820 1440 auris

140 1467 311 1544 insompnes
335 1468 428 1528 oculis
452 1469 541 1527 horas
565 1469 741 1528 ducentibus
765 1487 880 1544 omnes,

134 1559 172 1616 'et
194 1556 312 1618 modica
334 1559 437 1634 requie
461 1590 504 1599 -
527 1557 657 1617 rutilans
681 1577 789 1618 aurora
812 1558 870 1617 diei

141 1647 301 1722 praenotat
324 1646 500 1720 adventum,
523 1648 549 1705 si
571 1647 716 1723 palpebra
738 1666 860 1706 munere
883 1648 1001 1724 sompni

71 1748 123 1790 ιιιι
142 1735 266 1813 gaudet,
289 1738 322 1794 in
343 1735 449 1814 ignitis
471 1737 631 1794 versantur
653 1738 789 1813 sompnia
812 1736 948 1796 flammis.

141 1824 275 1884 Accusat
297 1825 427 1885 coleram
449 1823 541 1885 facies
565 1826 673 1885 citrino
695 1826 802 1884 rubore

142 1916 315 1988 commixto,
339 1915 424 1974 dolor
445 1915 479 1972 in
501 1913 606 1973 dextra
628 1915 697 1991 plus
719 1917 806 1991 parte
828 1914 976 1992 flagellat,

141 2003 326 2079 infestatque
349 2007 440 2080 caput
462 2005 587 2078 nimius,
610 2008 773 2080 venterque
795 2003 914 2064 rebellis

141 2093 286 2152 materiae
309 2094 420 2152 retinet
444 2112 520 2168 quae
544 2093 658 2153 solvere
681 2095 747 2153 inre
770 2095 902 2167 tenetur,

71 2194 124 2235 saco
142 2182 284 2241 exardent
307 2182 388 2241 oculi
410 2183 538 2242 rutilans
563 2201 637 2259 quos
659 2182 781 2242 flamma
803 2181 921 2241 ruboris

142 2270 290 2345 accendit,
312 2273 422 2349 pnngit
444 2272 559 2331 colerae
582 2271 666 2331 furor
689 2275 720 2330 et
741 2271 838 2348 magis
861 2270 957 2330 instat

140 2359 188 2419 his
211 2361 361 2436 punctura
383 2360 457 2420 locis
478 2361 533 2420 ubi
556 2379 646 2420 causa
669 2363 776 2420 nociva
798 2361 924 2420 locatur.

140 2449 209 2508 huic
233 2447 374 2508 adiuncto
395 2449 476 2508 malo
500 2451 571 2509 sunt
594 2453 692 2510 aestas
715 2451 808 2524 sicca,
829 2449 970 2510 inventus

213 2607 281 2655 2181
297 2600 341 2656 vel
354 2600 394 2670 pl.
405 2600 437 2654 lr.
448 2601 478 2655 d:
494 2600 647 2671 frigescens
661 2600 748 2671 plaga
763 2603 822 2671 (om.
833 2600 887 2671 vel)
904 2599 943 2672 bl!
958 2605 1027 2653 2188
1042 2600 1167 2656 cretica:

140 2672 179 2755 ef:
195 2672 299 2755 dimon.
322 2690 343 2728 s.
368 2673 488 2727 creticus
513 2672 572 2727 dies
599 2689 616 2726 a
640 2673 705 2728 crisi
728 2673 746 2726 i.
770 2671 948 2728 indicativus.
986 2671 1035 2724 sed
1060 2687 1168 2741 grecus

141 2745 283 2868 cntrppsffl
308 2816 382 2870 rubr.
408 2814 450 2868 De
476 2831 595 2869 consone
621 2816 637 2869 b
668 2814 678 2886 ΙΙ
710 2820 779 2869 2185
807 2815 837 2868 in
861 2829 934 2868 vena
961 2812 1062 2883 gracili
1081 2839 1108 2858 =
1132 2813 1166 2868 in

141 2883 314 2940 tenuissimis
338 2886 539 2955 (subtilissimis
563 2887 615 2955 Ie.)
633 2886 712 2942 venis
735 2887 791 2940 oris
814 2885 952 2940 stomachi
980 2884 1070 2940 cordis
1094 2885 1165 2954 pul-

141 2955 231 3009 monis
255 2958 284 3010 et
307 2958 581 3026 epatisPlot.(10.).
614 2957 644 3010 in
666 2957 744 3012 venis
768 2957 846 3012 cordi
863 2955 963 3011 vicinis
983 2957 1072 3012 Ocnst.
1091 2957 1163 3012 ciat.

141 3031 196 3094 7,2
217 3025 227 3098 ll
250 3032 320 3081 2190
338 3029 427 3083 mixto
446 3030 462 3083 b
485 3029 495 3101 l}
517 3034 586 3082 2191
606 3029 715 3097 yecoris
734 3029 750 3084 b
771 3031 775 3099 l
796 3029 911 3084 auresb
934 3027 944 3101 ll
967 3032 1037 3081 2194
1056 3027 1079 3080 si
1097 3027 1165 3096 pal-

140 3098 230 3167 pebra
248 3117 297 3152 m.:
318 3100 367 3152 sed
385 3099 523 3169 palpebra
541 3116 655 3154 munere
675 3102 699 3168 b,
718 3101 809 3154 morbi
827 3100 917 3169 (mole)
941 3114 1056 3153 munere
1074 3100 1093 3152 d
1111 3101 1123 3168 (
1156 3141 1163 3155 .

142 3170 166 3222 si
191 3186 306 3240 munere
327 3171 417 3240 Dor).
458 3172 493 3238 of.
515 3173 555 3226 Io.
577 3171 688 3240 requies
715 3171 800 3226 nulla.
841 3170 916 3226 ciros
940 3187 1023 3225 mane
1047 3169 1165 3224 modica

140 3241 302 3366 ιιιιι
324 3241 647 3383 caruccae
669 3243 819 3385 avec
1018 3241 1164 3368 eires

142 3384 242 3436 nature
259 3425 264 3436 .
323 3383 385 3436 iura
408 3385 427 3437 d
451 3382 460 3455 Η
486 3388 555 3437 2209
578 3356 671 3451 aiod,
697 3384 744 3439 sed
767 3385 783 3439 b
804 3386 884 3439 babet
906 3384 954 3439 hic
977 3355 1059 3438 addit
1082 3355 1163 3440 melo

143 3452 298 3520 complexio
325 3456 377 3523 (9⁰)
403 3455 487 3508 sicca.
520 3456 644 3508 minatur
666 3457 780 3526 (missa)
803 3456 838 3522 cf.
853 3457 944 3512 Omsst.
959 3458 1024 3511 vict.
1040 3459 1098 3521 7,2
1124 3455 1163 3510 de

144 3522 235 3578 colera
246 3525 421 3578 wanaoitur
434 3527 467 3578 ut
480 3524 632 3592 plurimum
646 3526 677 3579 in
691 3525 847 3594 iuvenibus,
867 3543 985 3594 quorum
1002 3525 1163 3595 complexio
